2506 4672
4 350 8 355 .
127 277 202 349 5ffl
406 282 932 341 snrorrrrouus

213 479 283 545 eod.
296 474 321 541 l.
337 476 369 539 8.
390 464 517 550 Καίτοι)
538 468 653 531 Forsan
667 468 722 535 uui
733 490 778 554 ys.
805 467 925 533 Sanni.

215 566 284 624 eod.
300 565 323 625 l.
343 562 391 623 13.
407 549 489 639 ’Eyoi
512 555 545 619 di
565 549 636 616 οὐδ’
651 550 747 627 αὐτοῖς
758 549 820 636 προ
833 552 956 622 πολλῶν
967 552 1122 639 ἤμεροῖν)
1140 557 1233 621 Ordo:

130 643 191 733 3γοῖ
210 641 305 719 οὗτος
324 637 395 707 οὐδὲ
414 634 476 737 repsi
493 636 613 702 antido
630 634 767 720 ἡμερῶν.
806 642 868 699 Sed
889 642 974 717 sorte
994 644 1040 703 sic
1061 642 1234 724 legendum:

132 725 215 814 'md
229 724 262 794 δ’
277 722 386 801 αὐτᾶς,
407 726 478 789 ουδὲ
494 717 556 803 npd
572 746 605 787 π.
621 720 650 799 ἦ.
671 736 729 789 etc.
753 724 883 787 Gnrrr.
914 726 1016 806 ‚Quae
1037 730 1146 789 versio
1170 728 1235 789 haee

129 829 196 885 est,
217 835 307 895 quam
321 813 407 870 nobis
419 810 510 867 offert
526 810 713 879 Benedictus
727 817 759 868 et
773 810 917 889 sequitur·
930 811 1061 871 Faber?
1091 826 1236 874 osunen

133 922 190 981 ego
203 919 303 977 neque
318 899 385 973 ipse
401 907 473 955 ante
489 902 609 969 pnrcros'
620 892 687 949 dieo
700 894 781 954 vidi.
812 894 892 972 Ergo
907 903 959 953 aut
977 914 1147 977 nunquam
1160 896 1235 971 vidit,

133 992 188 1043 aut
202 994 273 1040 ante
287 979 376 1040 valde
392 978 503 1037 multos
517 975 582 1032 dies
595 974 685 1035 vidit.
718 976 813 1051 Quod
828 977 902 1057 quid
917 976 986 1039 est?
1007 978 1066 1041 au't
1091 980 1235 1063 quomodo

132 1068 172 1129 ad
193 1062 334 1125 Graecei
357 1062 454 1120 multo
475 1059 583 1119 melius
602 1070 634 1118 et
653 1062 770 1119 rectius
794 1061 991 1141 Obsopoeur,
1013 1078 1178 1125 caeterum
1191 1082 1236 1145 egr

133 1170 253 1232 quoque
271 1150 361 1207 iilum
376 1147 500 1203 nonita
518 1142 628 1207 rnuitos
639 1156 712 1203 ante
727 1146 795 1203 dies
810 1149 966 1225 conspexi.
986 1146 1099 1209 Grots.
1126 1138 1236 1217 Emen-

134 1235 290 1295 dationem
315 1232 428 1307 Guyeti
446 1244 508 1287 non
529 1226 709 1306 rejicerem,
739 1226 767 1287 si
790 1230 955 1293 auctoritas
970 1232 1156 1297 accederet:
1177 1250 1236 1295 nu

135 1336 318 1399 quamquam
340 1310 482 1391 exempla
501 1309 583 1369 haud
599 1330 695 1389 pauca
711 1312 950 1374 constructionis
963 1316 1150 1379 immutatae
1164 1316 1237 1379 vtti-

132 1422 219 1475 mus,
240 1408 276 1457 ut
290 1399 329 1457 de
345 1396 485 1458 Calumn.
501 1416 566 1473 cap.
588 1414 635 1469 19.
652 1391 778 1459 iusticie
793 1389 881 1470 ἔντος
895 1392 981 1473 ἅπαξ
996 1396 1120 1484 urende
1133 1398 1237 1485 ffirm-

135 1509 205 1562 vam
232 1484 307 1543 item
321 1480 459 1560 Philops.
475 1500 500 1537 c.
517 1498 567 1538 22.
589 1478 717 1539 Parasit.
733 1501 761 1544 c.
782 1482 829 1544 16.
847 1491 880 1541 et
896 1500 923 1539 2.
943 1484 998 1543 Bis
1015 1488 1138 1547 Accua.
1152 1508 1181 1551 ο.
1193 1482 1236 1549 36-

133 1569 230 1630 Rhet.
246 1568 352 1626 Praec.
366 1587 393 1627 c.
414 1568 459 1627 18.
474 1562 512 1622 de
528 1562 622 1641 Imag.
638 1585 665 1626 c.
685 1583 733 1628 11.
754 1563 798 1623 sic
818 1573 920 1625 tamen
940 1586 998 1647 pro
1015 1568 1128 1630 lubitu
1145 1580 1235 1631 uani·

133 1674 250 1735 ponere
275 1651 405 1729 negandi
428 1646 622 1726 particulam,
652 1650 856 1725 periculosum
881 1659 941 1711 est:
968 1668 1083 1717 verum
1110 1662 1144 1715 et
1165 1652 1236 1713 inire

134 1734 308 1816 Tragopod.
327 1755 357 1796 v.
376 1730 448 1798 513.
471 1724 537 1797 oin
554 1731 660 1810 ἐρίσας
672 1722 766 1832 ἕχοῖρη
784 1736 892 1816 (delfin
909 1728 1055 1815 Σάτυρος·
1071 1728 1235 1821 Munatiu-

130 1820 179 1880 Et
197 1824 324 1879 Homer.
344 1818 381 1883 Il.
401 1822 442 1891 E,
469 1818 538 1877 150.
568 1816 640 1887 Τοῖς
660 1840 714 1880 ουκ
734 1816 909 1899 ἐρχομένοις
931 1814 950 1883 o‘
973 1820 1077 1901 γέρων
1103 1814 1235 1905 ixplm'

134 1896 291 1983 ὄνείροος,
313 1904 366 1962 ubi
389 1895 444 1967 οὐκ
465 1900 502 1959 ad
524 1898 664 1979 ἐκρίνατο
685 1904 837 1979 pertinet,
856 1921 919 1965 nou
935 1903 973 1962 ad
990 1904 1236 1989 e’pgapse'ra'smt

134 1988 298 2051 Scholiast.
314 1996 405 2067 atque
420 1984 606 2061 Eustatlsius
622 1984 829 2064 amphibolian
847 1989 1059 2065 pronuntiant.
1100 1992 1236 2053 crastin

133 2072 247 2147 vertit,
275 2070 389 2152 quihus
411 2090 491 2139 non,
519 2069 564 2127 ud
584 2069 696 2127 bellum
710 2071 1001 2147 proficiscentibus,
1027 2070 1127 2135 senar
1147 2078 1237 2135 iuter·

132 2170 277 2236 pretatur
288 2169 333 2214 est
347 2156 486 2223 somnia,
508 2152 590 2228 sive,
612 2152 724 2232 quibus
739 2155 960 2233 nequidquam,
980 2174 1053 2215 oum
1067 2162 1118 2219 nd
1132 2158 1237 2219 ὸοὶἱιοο

130 2242 420 2320 proficiscerentur,
443 2239 663 2313 interpretatus
674 2249 719 2293 est
734 2240 866 2303 somnio.
896 2238 1007 2319 quue
1029 2244 1155 2319 mitius,¹
1173 2262 1237 2305 cunr

135 2324 214 2383 etin
227 2323 311 2383 Dial.
330 2322 460 2384 Meretr.
474 2320 550 2384 XII.
565 2316 596 2400 ς.
609 2316 641 2384 4.
666 2312 705 2383 ου’
723 2321 767 2378 sic
788 2322 1016 2401 transponitur,
1040 2322 1169 2405 quaudo
1188 2328 1237 2399 rit,

135 2396 193 2491 οὔχ
212 2400 321 2487 e‘oiporr
339 2398 377 2471 td
395 2396 509 2485 ἆσθμα
529 2402 577 2468 ἕν·
606 2405 661 2463 ubi
672 2397 729 2487 οὐχ
743 2404 868 2464 omnino
889 2408 1028 2485 pertinet
1046 2410 1088 2469 ad
1100 2404 1153 2487 ἓν,-
1173 2428 1238 2477 urar

134 2510 198 2552 nou
221 2501 312 2568 negat
331 2512 365 2551 se
388 2490 519 2559 vidisse,
545 2491 692 2564 sensisse,
714 2488 769 2547 sed
790 2508 852 2547 non
869 2510 964 2550 unum
977 2492 1079 2553 fnisse
1092 2490 1245 2557 adfirmat.¹

132 2574 268 2719 I{reptet
280 2574 352 2635 talia
364 2574 425 2657 jam
441 2572 518 2633 nihil
533 2584 693 2639 mutarem.
714 2570 831 2633 Confer
845 2583 877 2633 et
890 2575 973 2634 infra
986 2576 1050 2637 Sat.
1063 2596 1135 2659 cap.
1151 2580 1181 2641 8.
1193 2598 1237 2661 pr.

166 2677 251 2723 EH'Z·

217 2746 303 2823 Pog.
317 2740 390 2823 293.
404 2738 427 2805 Ι.
448 2760 475 2806 1.
502 2734 556 2822 Tqi
569 2730 729 2824 inroitu)
755 2732 820 2805 Toi
834 2732 940 2814 ποδός.
961 2738 1095 2809 Gur-rr.

128 2820 135 2829 '
218 2830 289 2888 ead.
303 2827 324 2892 l.
341 2846 369 2893 2.
397 2824 434 2888 Ti
454 2849 504 2890 οοο
523 2826 608 2891 δοκεῖ
630 2820 647 2888 ὀ
669 2816 876 2907 Δημόκριτος)
903 2828 1006 2907 Hujus
1017 2830 1082 2889 loei
1097 2836 1238 2893 venua·

134 2919 198 2973 tem
212 2914 350 2991 corrupit
362 2912 575 2991 interpolator.
606 2912 694 2987 Quid
708 2912 783 2985 tibi,
811 2911 932 2990 inquit,
952 2912 1078 2973 vitietur
1089 2916 1238 2995 facturn

128 2990 235 3077 ¹fuisse
254 2998 471 3077 Democritus,
500 2998 529 3054 ei
550 2994 627 3053 liaeo
650 2996 803 3053 vidisset?
831 2998 941 3055 merito
959 2999 1064 3061 virum
1081 3000 1237 3061 irrieiem.

60 3084 63 3089 '
134 3078 289 3159 interpres
301 3087 422 3154 nutem,
444 3078 820 3159 antequaminterpolatne
833 3078 955 3149 suisset,
975 3088 1091 3160 quanto
1111 3078 1237 3143 uelint

136 3166 224 3243 Quid
235 3164 314 3238 tibi,
334 3165 453 3245 inquit,
467 3165 617 3243 secturus
626 3165 733 3242 fuisse
752 3163 876 3221 videtur
894 3164 1113 3239 Democritus,
1131 3166 1164 3227 si
1182 3164 1238 3225 tn-

136 3268 206 3309 rum
218 3262 373 3327 spectator
390 3247 595 3327 contigisset?
617 3246 771 3326 numquid
784 3266 841 3324 pro
859 3246 1016 3326 dignitate
1039 3252 1147 3319 uirum
1157 3250 1237 3311 dut·

135 3335 251 3393 susat?
282 3335 397 3393 Sensus
412 3343 467 3394 est.
504 3330 583 3390 Cum
598 3339 682 3389 tanta
695 3333 728 3389 in
740 3328 906 3409 Peregrino
921 3332 1038 3407 gloriae
1051 3332 1121 3393 sitia
1134 3332 1235 3405 tuem,

136 3414 257 3477 censen’
278 3427 333 3487 tu,
360 3415 472 3485 Croni,
497 3417 570 3474 satis
590 3432 725 3494 unquam
749 3422 780 3472 et
804 3408 881 3479 κατ’
900 3406 992 3489 citius
1011 3410 1164 3499 δοξάριον
1187 3412 1237 3483 rati

136 3492 362 3582 οἶοθρωπῖοκου
384 3500 557 3560 derisurum
576 3500 672 3559 fnisse
693 3499 932 3557 Democritum?
964 3500 1020 3559 Dii
1040 3496 1135 3563 bonil
1161 3502 1237 3563 uude

135 3586 184 3644 illi
195 3594 298 3645 tantus
312 3589 391 3647 risus
404 3590 567 3664 suppetere
581 3582 754 3661 potuisset?
780 3580 873 3641 Haud
889 3578 983 3641 dubie
1000 3582 1090 3663 priua
1110 3584 1145 3647 ei·
1161 3587 1239 3648 fuir·

136 3676 186 3727 set
206 3672 435 3743 emoriendum,
465 3689 554 3748 quam
576 3666 734 3727 hominem
756 3684 814 3744 pro
842 3666 1028 3743 virtutibus,
1055 3672 1095 3729 ut
1125 3668 1239 3733 diceret

137 3752 312 3828 Terentius,
332 3755 486 3830 exagitare
501 3753 660 3831 potuisset.
682 3750 802 3812 Ferru-

220 3838 290 3898 aad.
303 3838 326 3902 l.
342 3842 360 3895 3
374 3846 405 3896 et
420 3839 450 3903 l.
471 3831 585 3900 Πόθεν
607 3834 688 3916 εἶχεν
706 3832 817 3905 ἐκεῖνος
829 3829 981 3897 τοσοῦτον
994 3830 1128 3915 γέλωτα)
1149 3836 1240 3915 Quod

136 3918 176 3981 de
194 3921 261 3980 risu
280 3921 453 3981 Democriti
476 3920 556 3980 dixit
571 3923 754 3992 Lucienus,
775 3916 859 3979 idem
878 3918 918 3978 de
940 3920 1076 3979 lacrimis
1088 3920 1242 3983 Heracliti

135 4004 299 4085 scripserat
311 4006 491 4069 iuvenalis:
511 3998 700 4065 Mirandum
714 4014 774 4079 est,
794 4004 877 4063 unde
891 4002 946 4063 iile
965 4002 1069 4069 ocutis
1083 4004 1241 4089 rufflearit

20 4074 27 4091 ἱ
135 4089 255 4158 humor.
272 4088 394 4150 Fauna.

493 4154 497 4169 l
581 4170 788 4203 ὦκα-ιιι·-
805 4178 811 4188 '
