2506 4672
100 250 216 355 aaa
313 326 319 345 .
412 295 970 361 aanorarro-uns
1083 268 1087 277 '
1177 266 1181 273 ’

142 507 233 571 quam
260 485 434 547 immutare·
470 480 572 543 Nemo
593 480 718 562 quidem
739 479 876 557 dabitat,
910 480 986 565 quin
998 478 1161 561 ,infinitlu
1179 502 1244 547 οοοι

143 570 322 634 nominandi
343 589 416 628 casu
434 567 467 626 in
487 566 545 625 alia
565 566 797 627 constructione
823 567 875 626 sit·
889 566 1137 646 usitatissimus,
1157 568 1244 651 idajae

143 655 343 717 Grammatici
358 653 431 711 satis
452 648 625 721 tradidere,
646 659 679 710 et
700 651 914 729 exemplorum
937 661 1111 713 aecurrunt
1130 655 1246 733 myria·

64 756 69 769 ¹
142 738 217 817 δοες
243 736 296 795 aed
316 734 508 797 nominativo
528 753 677 812 personae
701 736 886 815 praemisso,
898 733 958 795 =vel
975 733 1164 809 intellecto,
1179 742 1252 809 'trar-¹

128 832 212 899 ¹tum
237 822 338 881 locum
365 815 479 879 habere
498 817 629 876 alterum
644 817 733 877 illum
744 818 986 893 nominativum,
1004 819 1142 893 volunt.¹
1159 820 1242 881 Atio

144 901 286 987 quibusd.
307 902 399 963 modo
420 900 627 973 nominativo,
659 900 751 959 modo
774 910 906 967 accusat.
925 903 1026 977 utitur
1043 902 1184 981 Noster,
1205 912 1241 981 nt,

144 981 230 1071 μόνῳ
242 984 292 1067 τῷ,
305 976 452 1061 δεσπότης
466 981 546 1047 εἶναι
566 984 684 1059 δοκεῖν,
706 986 738 1043 in
754 986 808 1045 Bia
821 984 931 1045 Accua.
945 1004 1014 1066 cap,
1027 1002 1062 1051 ².
1074 987 1103 1054 i.
1138 986 1241 1049 carm

142 1092 235 1146 vero,
254 1053 401 1136 δανεῖσαι
417 1067 497 1141 εἶναι
512 1062 821 1149 πολυπραγμοσύνην.
839 1066 877 1129 In
890 1068 1017 1133 Parasit.
1035 1090 1067 1151 ο.
1080 1074 1113 1133 δ.
1138 1072 1240 1153 Nomi·

140 1156 247 1217 nativo
267 1155 377 1231 Polyb.
401 1156 544 1223 (notante
564 1154 669 1210 Jenaio
688 1155 722 1215 in
743 1172 837 1232 marg.
854 1153 946 1216 Lect.
961 1154 1117 1235 Lucina.)
1131 1176 1166 1237 p.
1180 1156 1236 1217 6⁵5.

141 1240 201 1301 Ed.
225 1239 323 1297 Amat.
342 1231 522 1315 ἐπισφαλῶς
542 1232 641 1319 εἶχον.
662 1233 713 1299 διαὶ
734 1229 772 1299 νύ
788 1232 1108 1319 μομνοδνινδυνεύοιν.
1143 1240 1186 1301 Et
1201 1238 1236 1299 ait

141 1345 176 1405 p.
193 1324 284 1383 1434.
301 1341 357 1379 nec
374 1341 437 1379 non
452 1340 481 1399 p.
495 1319 568 1396 963.
589 1318 719 1399 ἑτοίμως
731 1318 813 1403 εἶχον
829 1315 910 1402 πρύς
926 1313 964 1385 νύ
975 1315 1022 1402 μη
1037 1322 1105 1397 τοῖς
1123 1320 1240 1409 ἐχθροῖς

142 1401 312 1491 ὑποχεῖριοι
335 1406 523 1487 γενηθῆναι.
566 1404 609 1465 At
630 1407 664 1463 in
684 1404 733 1463 hia
752 1407 899 1483 Polyhii,
923 1408 1074 1471 nominat.
1096 1424 1242 1489 personae

141 1490 300 1575 praecedit
307 1538 318 1565 ,
339 1490 376 1549 ad
392 1508 482 1569 quem
494 1487 589 1546 etiarn
602 1488 715 1547 referri
731 1489 850 1549 dicetur
861 1490 963 1568 aliquo
975 1490 1080 1551 modo
1103 1490 1242 1551 nomim-

142 1576 226 1637 tivus
246 1593 384 1651 sequens.
417 1573 570 1633 Vitiosum
594 1581 694 1631 antem
722 1593 789 1633 esse
806 1573 963 1651 vulgatum
981 1567 1243 1657 oillei-molioni

142 1680 224 1732 τινες
243 1651 306 1743 φῇς
327 1655 422 1726 εἶναι,
443 1685 486 1699 -·
510 1655 563 1717 uel
585 1649 779 1738 μοιχεύουσι,
801 1656 906 1717 docuit
925 1658 1008 1715 Jem.
1025 1658 1063 1717 in
1085 1656 1244 1721 Prometh.

142 1745 183 1805 Τ.
203 1742 227 1808 Ι.
249 1762 277 1805 ο.
305 1742 350 1800 16.
371 1761 421 1821 pr.
446 1736 463 1816 (
473 1739 526 1817 qui
546 1741 643 1798 multa
663 1740 701 1799 de
719 1740 868 1801 infinitivi
885 1749 1062 1811 structura,
1082 1742 1122 1803 iu
1142 1732 1244 1817 lectt.

140 1822 273 1903 Licinn·
285 1846 317 1905 p.
341 1844 389 1902 72.
404 1858 444 1872 -
465 1821 535 1901 83.)
563 1823 752 1886 adsentiente
776 1824 1030 1897 Itemstarlruaio,
1060 1844 1122 1885 neo
1136 1834 1245 1887 'tamen

142 1912 263 1979 omnia,
290 1910 329 1968 ob
352 1907 478 1967 nimiam
504 1908 640 1986 copiam,
664 1909 836 1984 inserente,
865 1917 897 1968 et
917 1909 1035 1969 frustra
1047 1908 1244 1990 improbante

142 1994 274 2055 Gesnero
290 1992 329 2052 ad
342 1992 511 2070 Philopatr.
526 2012 595 2049 narn
610 2003 672 2051 non
685 1992 778 2052 modo
796 1988 966 2077 κακοῦργοί
983 1984 1066 2067 τινας
1084 1988 1245 2075 improliar

140 2088 190 2142 rat
202 2079 344 2147 seusina,
366 2096 481 2156 perse,
502 2075 556 2133 sed
571 2073 629 2138 εἰσὶ
644 2096 701 2154 pro
713 2074 798 2141 εἶναι
818 2078 953 2157 requiri,
972 2077 1243 2147 liene²mounerat

140 2172 269 2245 propter
281 2161 366 2220 illico
381 2160 558 2238 adjunctum
573 2158 626 2223 ναῖ
638 2153 832 2243 μοιχεύουσι,
849 2161 902 2224 vol
917 2158 1086 2241 πολεμοῦσι
1103 2171 1166 2225 eto.
1183 2158 1245 2219 Sed

141 2249 277 2308 Homeri
294 2244 380 2303 locus
397 2242 429 2302 ll.
447 2249 487 2313 B,
503 2246 578 2307 350.
600 2264 690 2322 quem
711 2247 802 2305 Geso.
821 2246 939 2322 adfert,
965 2245 1020 2304 ubi
1037 2244 1125 2325 φημὶ
1143 2268 1246 2310 κατα-

139 2328 250 2398 νεῦσαι
272 2356 315 2372 --
336 2326 501 2408 Κρονίωνα
517 2321 731 2408 ΙἈσοριῖπτων
753 2342 812 2389 etc.
842 2328 915 2389 linia
936 2338 1044 2389 nostro
1070 2328 1246 2407 regimur.

138 2412 298 2497 probando
314 2412 475 2480 convenit,
494 2431 590 2493 aeque
607 2434 641 2471 aa
656 2414 738 2472 iulra
754 2414 924 2493 Philopatr.
939 2414 1012 2477 aa.
1032 2404 1108 2477 ἄλλ’
1128 2408 1245 2491 viunde-

64 2502 67 2507 ’
139 2495 303 2582 βρεμμένος
325 2497 539 2561 καθεδεῖσθαι.
574 2499 619 2555 At
640 2497 721 2575 quod
743 2500 835 2561 (δοσιν.
857 2499 950 2583 eliam
970 2496 1076 2557 adfert
1094 2516 1139 2557 ax
1157 2494 1243 2556 Dial.

138 2585 253 2647 Marin-
277 2582 337 2643 IX.
361 2578 460 2645 σαῖσαι
479 2574 580 2657 δεήσει
599 2578 823 2662 χαρισάμενος,
858 2582 890 2640 id
919 2582 979 2658 jam
1005 2576 1088 2651 nihil
1114 2580 1242 2661 probat3

136 2687 208 2730 nam
221 2666 449 2748 χαρισαμένους
463 2685 504 2723 ex
517 2664 613 2730 Codd.
628 2666 672 2723 ibi
686 2668 823 2726 restituit
832 2664 1101 2727 Hematerlsuar'ut.
1122 2664 1242 2731 Verum

138 2752 211 2813 addi
228 2759 330 2831 posset
351 2752 448 2809 Dion.
469 2750 583 2810 Holie.
598 2747 665 2812 Vll.
687 2772 716 2828 p.
727 2754 798 2826 473,
818 2768 867 2813 10.
894 2770 984 2849 quem
996 2748 1060 2829 jam
1072 2746 1241 2807 adduxiad

137 2834 233 2899 Rhe-t.
254 2835 358 2893 Praec.
379 2854 406 2895 c.
428 2834 478 2893 24.
500 2827 545 2895 δι’
569 2830 717 2916 αἰσχύνης
740 2837 861 2914 λαβεῖν,
889 2825 967 2913 ανῆρ
998 2824 1173 2913 αύῑοοργύς
1189 2830 1241 2897 aad

9 2922 15 2947 '
135 2917 236 3017 γε’ραιν
255 2950 296 2965 -
315 2913 460 2998 ὀνείρατα
481 2916 630 2997 ἐκφέρειν.
658 2920 699 2977 Et
716 2919 868 2998 ΙΧαιιορδι·’.
888 2939 919 2998 p.
934 2918 1007 2983 458,
1035 2918 1158 2981 οἴονται
1176 2916 1238 2979 δεῖν

139 3024 284 3087 φρονιμοι
303 3001 356 3064 καὶ
380 3003 500 3082 μέτριοι
530 3002 720 3079 σαίνεσθαι,
745 3004 883 3083 aliaque,
911 3021 989 3082 qnae
1014 3000 1200 3073 adseruntur
1217 3018 1236 3057 a

136 3090 305 3147 Maittolre
325 3085 364 3144 de
382 3088 464 3148 Dial.
478 3106 508 3163 p.
528 3091 578 3148 δα.
601 3107 678 3165 qnae
698 3108 768 3147 oum
790 3088 966 3165 Polybiania
988 3084 1082 3145 modo
1102 3082 1237 3145 adductis

137 3191 197 3251 pro
217 3171 338 3245 vulgata
363 3169 466 3228 facere
487 3170 642 3229 nonnullis
665 3172 867 3247 videbuntur3
895 3170 950 3229 sed
968 3170 1042 3250 quia
1058 3177 1092 3229 et
1102 3168 1138 3227 in
1149 3162 1252 3229 iisad'

137 3254 359 3314 nominativum
383 3273 530 3330 personae
551 3256 733 3333 respicitur,
760 3256 814 3314 illa
838 3254 899 3315 huo
922 3254 1112 3332 detorquere
1126 3250 1239 3327 nolim,

136 3339 230 3415 magis
252 3337 333 3395 enim
356 3335 416 3395 huc
440 3337 535 3405 facit,
558 3339 640 3417 quod
654 3341 876 3401 nominativum
891 3348 923 3398 et
938 3344 1071 3401 accunt.
1081 3334 1178 3397 simut
1188 3334 1241 3395 iu-

136 3422 224 3481 finito
240 3420 418 3499 adjunctum
430 3421 502 3479 alibi
516 3421 748 3498 jamdedimus,
771 3445 812 3484 ex
831 3424 892 3502 Ep.
906 3424 943 3481 ad
958 3420 1075 3501 Epkea.
1089 3416 1149 3495 lv,
1166 3440 1197 3485 1.
1207 3426 1240 3479 at

136 3524 168 3568 υ.
189 3507 241 3563 ubi
259 3501 430 3584 παρακαλῶ
448 3495 505 3569 οὖν
516 3499 599 3583 dude
616 3541 655 3555 -
671 3504 883 3587 περιπατῆσαι
896 3500 990 3582 ἆξδως
1005 3518 1043 3549 ¹-
1057 3496 1242 3585 οἷνοιύμενοι

137 3583 292 3665 ἀλλήλοιν,
321 3591 374 3648 ubi
395 3598 426 3646 et
448 3590 570 3652 Euner.
588 3590 650 3648 dno
679 3593 737 3649 alia
758 3591 885 3651 addidit.
922 3592 1104 3669 Notumque
1124 3588 1241 3647 velex

140 3674 355 3731 Grammaticis
374 3672 566 3749 vulgaribus,
602 3675 679 3732 illud
703 3676 935 3753 Xenophontis,
960 3664 1042 3753 πρύς
1059 3662 1100 3733 τύ
1114 3664 1242 3755 ϊῖμαθοδ

130 3757 324 3835 -ηαῖνεσοαιι
353 3768 384 3814 et
405 3776 446 3815 ex
466 3755 594 3832 eodem,
621 3757 660 3822 ‘0
684 3761 716 3821 δὲ
736 3752 907 3844 Ἀσσύριος
929 3790 971 3803 -
995 3747 1057 3833 tyd
1079 3754 1135 3831 μὲν
1156 3752 1242 3835 οἶμαι

139 3840 255 3912 ἱππεάς
280 3839 334 3916 μὲν
355 3834 457 3914 ἄξειν,
485 3860 543 3919 pro
563 3835 618 3904 τοῖν
640 3842 673 3905 δὲ
692 3838 871 3924 Ἀσσύριον.
899 3840 990 3902 Addo
1015 3858 1126 3917 rursus
1152 3840 1238 3899 Aret.

139 3924 340 4025 Capp0've1t·
364 3923 418 3984 fin.
433 3921 471 3980 L·
486 3923 511 3989 Ι.
524 3946 555 4005 p.
572 3946 613 3988 m.
630 3946 682 4009 9²·
709 3929 763 3991 καὶ
778 3922 846 3992 τόδε
864 3924 968 4006 μέντοι
988 3912 1240 4005 προευαρινεὶσας

138 4041 181 4055 -
196 4027 362 4088 πρησσειν,
390 4028 448 4086 pro
470 4005 760 4090 προευκρινησαντα
777 4015 825 4076 δεῖ
845 4003 1018 4095 πρήσσειν·
1040 4024 1114 4067 eum
1136 4016 1237 4067 umen

138 4086 359 4177 οῖποσχύσαντα
380 4122 424 4136 -
446 4084 611 4176 α’φαιρεέιν
631 4095 708 4158 ibid.
730 4097 835 4179 paullo
856 4104 929 4157 ante
956 4088 1100 4167 dixerit,¹
1119 4086 1235 4155 Iterum
