2506 4672
102 248 213 360 ‘ffll
411 272 961 398 suboraaaonas
1058 230 1065 237 -

135 492 293 572 aiensque,
327 486 418 569 qiam
444 485 656 565 limpidiaalrne
681 488 785 566 potnit
806 482 1008 568 descriptam,
1026 476 1100 549 cum
1121 476 1247 565 doceat,

133 579 249 655 Coppa
268 575 461 633 Graecorum
478 571 618 631 Romano
639 571 670 646 Q
690 572 807 648 simile,
832 573 896 632 nisi
924 572 1007 653 quod
1034 591 1054 631 a
1074 573 1141 632 suis
1162 572 1248 635 obli·

90 698 92 702 -
135 660 267 741 quatur,
289 657 322 717 id
344 666 408 729 eat,
431 676 488 735 pro
509 655 707 731 recta-linea,
732 676 797 735 ·qua
818 654 933 715 Gracci
961 654 1164 717 efformabant
1181 651 1247 737 [q],

133 745 290 821 llomanos
312 760 407 800 curva
427 741 482 809 uti,
494 734 577 819 [Q];
601 738 685 797 unde
702 739 822 818 liquido
842 734 1018 825 conficitur,
1038 739 1123 800 idem
1146 742 1187 800 ab
1208 761 1248 801 eo

133 826 256 906 'signum
278 820 428 893 describi,
455 825 538 902 quod
555 821 740 895 Scho'liastes
766 822 993 901 Aristophanis
1010 820 1129 904 optime
1148 827 1248 903 etiam

134 933 191 992 per
209 912 234 969 P
254 911 411 969 inversum
436 907 617 985 designavit,
638 905 717 965 hanc
739 926 850 986 nempe
872 907 1015 982 immam,
1038 906 1140 989 q.·Ne
1160 909 1247 969 ultra

77 1040 81 1047 .
135 1007 168 1054 te
189 1014 311 1069 morer,
342 992 403 1051 duo
424 988 499 1049 baec
518 992 663 1051 observes
684 991 796 1053 velimt
824 990 952 1068 figuram
971 992 1095 1051 litterae
1113 990 1246 1053 Latinae

8 1066 11 1073 ¹
96 1096 99 1101 ¹
135 1079 322 1157 Qantiquis
350 1076 415 1134 illis
444 1075 635 1152 temporibus
657 1094 675 1133 a
696 1073 811 1133 dextro
832 1076 930 1137 latere
948 1075 1080 1135 caudam
1098 1078 1245 1159 gestasse,

134 1183 225 1243 quam
247 1181 304 1219 nos
325 1157 393 1218 fere
414 1158 585 1216 scribentes
603 1178 621 1217 a
641 1157 768 1216 sinistro
784 1158 1097 1239 ‘ducere'incipimuu
1117 1160 1246 1221 Deinde

25 1274 46 1333 ι’
119 1246 221 1315 male¹
235 1253 269 1303 et
288 1244 350 1323 jam
369 1262 386 1301 a
407 1242 510 1320 prisco
530 1260 617 1300 mora
635 1237 727 1318 longe
751 1240 890 1311 diverso,
924 1238 1008 1325 istud
1036 1243 1245 1321 inlnnnc'vfin

134 1329 265 1390 Graecis
290 1325 515 1393 nostrislibris
543 1325 645 1403 pingi3
666 1338 748 1384 'cum
777 1343 852 1384 vera
875 1326 976 1398 forma
1002 1348 1038 1387 ea
1062 1331 1121 1400 sit,
1149 1346 1244 1408 qnam

69 1467 72 1473 f
129 1411 419 1492 uvalgrorprtmus
439 1409 661 1468 restituendam
685 1409 808 1479 docuit,
842 1428 954 1489 nempe
980 1410 1141 1473 inversum
1167 1411 1243 1471 ero

132 1496 203 1575 (P),
225 1517 280 1555 sen
302 1495 448 1562 circulus,
479 1513 496 1551 a
517 1493 605 1573 cujus
626 1495 722 1557 latere
743 1494 877 1553 intuenti
893 1492 1005 1555 dextro
1023 1495 1161 1571 ducitur,
1189 1497 1243 1555 in·

87 1582 318 1659 ‘'secuerecta
337 1579 418 1636 linea
436 1585 562 1655 tangens
587 1597 616 1656 q,
642 1573 813 1637 minusculo
836 1586 941 1637 nostro
964 1596 1131 1660 qproraus
1149 1579 1242 1642 sirni-

59 1670 64 1687 ¹
130 1663 178 1739 le,
204 1665 238 1723 in
260 1662 394 1721 nammis
412 1670 515 1722 tamen
536 1662 621 1720 varia
642 1670 688 1720 est
705 1659 796 1740 hujus
818 1659 975 1740 Episemi,
1005 1665 1129 1724 litterae
1147 1665 1243 1736 etiem

133 1748 297 1828 aliquando
323 1748 435 1810 forma.
462 1745 523 1807 Adi
552 1746 719 1825 Sperabam.
746 1744 785 1803 de
810 1764 870 1803 usu
902 1755 1068 1824 et'praest.
1096 1749 1242 1808 numiam.

130 1833 212 1913 apud
229 1840 325 1912 quem
346 1838 409 1889 tres
430 1828 488 1889 hae
503 1840 669 1888 occurrunt
683 1830 718 1910 P.
735 1817 821 1905 Μ.
846 1826 907 1888 Pro
919 1831 952 1888 K
965 1830 998 1889 in
1013 1831 1130 1911 aliquot
1146 1852 1242 1893 num-

128 1917 189 1979 mis
208 1916 367 1974 invenitur
387 1919 431 1992 (p.
454 1931 504 1990 92.
525 1915 592 1995 95.)
620 1912 733 1972 deinde
753 1933 810 1991 pro
830 1912 1053 1978 numercXC.
1075 1914 1163 1996 (pag.
1186 1933 1240 1997 92.

131 2010 164 2059 et
179 1995 248 2078 97.)
268 1999 426 2057 Hactenus
447 1998 486 2057 de
508 1999 628 2076 Coppa.
657 1997 819 2075 Equorum
836 2007 940 2061 autem
960 1994 1077 2059 femori
1093 2001 1241 2063 inureba-

130 2093 201 2162 tut3
221 2080 286 2144 vid.
304 2084 426 2144 Anacr.
445 2080 506 2139 Ed.
518 2080 634 2158 'Stepln
653 2098 724 2160 pag.
747 2081 798 2157 73.
1164 2098 1170 2129 ¹

378 2157 439 2227 Ἕν
457 2161 568 2248 ἰσχίοις
586 2163 640 2243 μὲν
658 2170 751 2228 ἵπποι
1122 2160 1128 2167 “

135 2302 140 2313 .
262 2296 267 2303 -
382 2244 492 2329 Πυρός
514 2243 649 2330 χάραγμῗ
669 2246 785 2329 ἔχουσι.

121 2332 175 2401 V.
194 2332 307 2395 Picent.
329 2352 359 2395 c.
378 2339 429 2409 47.
449 2327 697 2413 πιθηκοφόρους.
719 2333 836 2410 Sanan.
878 2396 881 2403 ,
1143 2374 1146 2379 -

196 2411 1123 2502 1Ead.·l.10.'Tluoasdssvalsuldolentiam]
1156 2416 1240 2483 Pras

54 2544 58 2555 ι
131 2502 277 2564 serbiam
297 2500 338 2559 de
357 2502 406 2576 iis,
435 2521 512 2582 quae
533 2496 632 2560 aliena
652 2501 735 2559 inter
763 2520 796 2558 se
817 2514 888 2560 sunt
910 2502 1239 2569 et'disconvenientia.

64 2643 67 2651 .
129 2589 165 2649 ln
183 2586 298 2646 balneis
317 2587 400 2646 enim
420 2587 508 2644 notio
536 2582 654 2665 estrei
674 2585 859 2662 elegantiae,
900 2586 948 2644 vel
966 2587 1126 2662 luxuriae,
1157 2608 1239 2667 quae

128 2672 257 2732 minime
276 2669 358 2729 cadit
376 2674 407 2728 in
430 2689 520 2729 canes
541 2670 677 2746 cynicos,
699 2669 833 2726 Sonabat
853 2668 954 2744 etiam,
975 2666 1061 2733 κύων
1081 2670 1116 2732 ἓν
1133 2676 1238 2752 βαλα-

129 2754 216 2837 νείῳ,
237 2763 273 2812 ut
288 2755 417 2815 Parasit.
439 2775 467 2816 c.
483 2757 534 2816 51.
559 2760 642 2812 extr.
667 2754 792 2812 Poterat
812 2749 843 2815 h.
858 2753 879 2811 l.
899 2750 1007 2819 notatis
1025 2754 1118 2813 etiarn
1138 2757 1240 2814 omit.

120 2842 166 2916 tt,
185 2846 223 2898 ut
241 2859 315 2897 vere
336 2836 451 2896 factum
472 2839 505 2897 in
527 2836 604 2895 Cod.
629 2837 706 2895 Gorl
738 2835 813 2897 Vid.
832 2839 873 2897 L.
894 2840 957 2894 Bos
977 2838 1100 2916 Ellipss.
1117 2859 1147 2916 p.
1162 2837 1239 2901 226.

128 2943 174 3004 sq.
197 2922 304 3000 Schbj.
335 2933 366 2980 et
385 2921 588 2985 Schleusner.-
602 2922 683 2983 Lex.
706 2917 746 2978 Ns
770 2921 811 2982 T.
836 2919 894 2979 Ed.
913 2920 967 2980 lV.
991 2921 1083 2983 Tum.
1101 2922 1147 2985 ΙΙ.
1164 2942 1237 3002 pag.

131 3008 224 3067 2238.
254 3002 315 3063 Sed
341 3025 437 3085 quum
454 3007 496 3064 in
516 3004 574 3063 hac
594 3005 730 3065 formula
751 3003 842 3063 etiam
863 3003 966 3063 addita
985 3000 1039 3062 illa
1059 3022 1125 3063 vox
1145 3018 1237 3085 repe·

126 3091 237 3160 riatur,
260 3098 297 3148 ut
315 3086 446 3149 lcarom.
469 3091 566 3152 c.14.
596 3091 627 3151 ai
655 3082 710 3151 οὖν
733 3086 860 3168 πτέρυγι
885 3087 939 3153 coi
956 3080 1117 3168 ὀφθαλμῷ
1133 3085 1242 3153 κοινόν

104 3198 106 3202 ·
127 3175 214 3250 icam·
231 3212 233 3216 -
248 3193 278 3235 e.
300 3194 328 3233 a.
358 3182 390 3231 et
412 3192 429 3229 e
448 3172 552 3233 verbis
572 3166 676 3237 unsaris
695 3173 765 3235 κυνὶ
785 3173 870 3230 inter
890 3172 1068 3251 dictandum
1090 3174 1236 3233 similiter

118 3256 334 3339 'pronuntiatis
354 3256 446 3315 facile
464 3257 647 3316 alterutrum
669 3277 687 3315 a
715 3255 843 3315 librario
861 3257 962 3315 minue
981 3254 1100 3314 attento
1119 3256 1236 3336 negligi

125 3341 284 3422 potueritt
304 3360 368 3399 non
387 3360 452 3399 esse
474 3343 628 3420 putabam,
648 3358 705 3398 cur
723 3352 932 3418 expungerem
964 3341 1075 3404 Larasa.
1165 3374 1169 3383 ·

209 3432 298 3503 Png.
320 3445 350 3502 7.
373 3421 393 3483 l.
419 3444 468 3486 ιι.
486 3425 552 3489 Kal
569 3417 688 3506 ἐγένετό
711 3447 760 3497 τις
776 3418 838 3503 noti
859 3420 989 3501 πολλοῦ)
1010 3421 1075 3487 Kal
1093 3444 1144 3487 aas
1162 3421 1234 3505 lys'·

126 3500 198 3571 serti
217 3531 262 3580 τις
281 3503 342 3586 nod
359 3533 390 3570 π.
414 3509 555 3568 Maacrr..
585 3508 773 3568 Tollendum
793 3527 902 3567 censeo
923 3505 1003 3565 illud
1022 3510 1091 3580 aci,
1124 3506 1234 3567 odiose

124 3591 192 3666 iric,
214 3602 362 3670 utputo,
396 3593 486 3652 initio
504 3595 673 3652 sententiae
693 3593 830 3663 affixum.
853 3591 891 3650 V.
915 3594 1007 3654 Plut.
1031 3589 1121 3650 1216.
1139 3590 1177 3655 (l.
1198 3600 1235 3651 et

129 3678 219 3753 ¹239·
249 3675 284 3737 C.
313 3678 428 3736 Souara.
480 3677 547 3735 Nec
575 3678 698 3751 odiose,
722 3666 797 3748 ne'c,
826 3673 908 3754 qnod
925 3675 1075 3733 Solonm
1095 3674 1233 3735 volutas

124 3763 273 3839 suspicor,
304 3765 398 3819 otiose
420 3759 591 3840 praefixum
613 3750 652 3825 hJ
667 3763 689 3823 l.
710 3758 771 3837 nni.
809 3758 900 3817 Nova
924 3759 1007 3817 enim
1025 3756 1099 3816 binc
1119 3758 1251 3839 incipit-

123 3844 337 3922 exemplorum
357 3845 468 3912 series3
505 3866 565 3924 qua
593 3845 662 3906 rice
689 3853 778 3903 certe·
799 3840 899 3908 salsus
921 3841 1010 3920 tongi
1031 3861 1094 3915 non
1114 3843 1233 3921 potuit.

122 3927 231 3989 Lana.
1072 3954 1084 3961 ·
1214 3966 1217 3971 -

206 4018 292 4088 Peg.
315 4012 343 4070 8.
365 4010 438 4072 ts
469 4002 682 4092 Νεοτμῆτους)
711 4009 784 4070 Non
808 4008 906 4070 ausim
931 4004 1086 4070 damnare
1103 4027 1232 4083 nomeu,

27 4162 31 4167 ,
122 4093 206 4177 quod
232 4093 307 4155 libri
334 4103 461 4156 tuentur
483 4105 516 4156 et
533 4096 690 4176 analogia,
717 4114 788 4155 cum
814 4093 994 4175 praesertim
1016 4091 1135 4173 τέμνειν
1160 4110 1233 4155 etta
