2506 4672
17 390 21 397 ¹
128 296 206 377 458
407 317 964 373 aanorarrouas

98 512 102 519 '
127 528 254 572 manum
272 513 340 567 tum
361 502 533 565 carimnm.
547 502 657 563 talium
682 520 787 563 rerum
815 502 1023 567 literarisrum
1050 494 1252 577 senatorem,

128 608 197 660 tum
211 589 431 669 religiosiorem
445 588 633 646 aonmiorum
648 588 819 660 cultorem,
840 596 905 647 t'um
923 587 1058 668 denique
1074 591 1167 651 vitae
1181 612 1252 651 suae

128 680 303 742 carissimae
323 673 539 747 amantiorem,
565 672 737 731 Lucianam
765 692 842 731 roro
868 668 1014 731 clientem
1043 676 1127 733 satis
1155 678 1252 735 fuisse

127 764 271 832 facilem,
301 765 334 815 at
349 756 385 814 ad
407 756 491 814 illius
506 756 661 832 ingenium
680 774 715 813 aa
735 755 883 833 judicium
905 776 973 815 sese
991 760 1229 819 accommodari

11 854 15 875 '
128 849 276 908 Ceteram
292 841 392 919 lapsus
406 848 453 897 eat
464 840 548 903 idem
567 839 788 915 ll‘ielandins,
807 838 891 919 quod
913 840 1173 901 imbecillitatem
1205 875 1211 896 t

128 922 1251 1086 ttt‘slt'.'littlttlltttllwtl‘'it‘'{itlttlltt

424 1050 433 1081 l

130 1098 260 1170 Clerici,
279 1114 297 1152 e
310 1092 420 1151 somnii
434 1091 726 1151 commemoratione
739 1091 924 1168 repetitum,
946 1084 1165 1171 imbecilliem,
1185 1096 1208 1155 i.
1222 1117 1248 1160 e.

127 1200 239 1264 parum
259 1175 395 1237 validum
417 1173 455 1232 sd
477 1172 703 1249 infringendam
722 1173 820 1233 libelli
847 1174 1083 1251 anctoritatem,
1112 1182 1248 1243 vocarit.

132 1266 280 1325 Ceterum
300 1257 515 1317 Schmiederus
541 1256 658 1317 fatetur
684 1276 719 1315 ae
745 1256 804 1316 sibi
834 1278 897 1317 non
924 1278 1015 1337 possa
1040 1264 1247 1337 persuadere,

47 1348 52 1361 '
128 1348 303 1409 Lacianam
317 1342 408 1420 hujus
422 1341 519 1400 libelli
529 1349 689 1402 auctorem
702 1360 783 1418 ease3
805 1362 869 1401 aon
889 1350 990 1404 tamen
1007 1342 1128 1419 additis
1153 1346 1247 1409 dubi-

93 1416 101 1447 ⁸
128 1432 256 1497 tationis
271 1447 344 1487 snae
356 1426 537 1485 rationibus.
556 1424 663 1484 Laura.

216 1514 293 1577 ibid.
321 1510 494 1590 Koi's'rlllt)
518 1509 691 1569 Altercatio
710 1509 772 1570 fait
792 1508 876 1570 inter
902 1508 1062 1573 Herodem
1090 1510 1247 1591 Atticam,

128 1610 163 1663 et
182 1596 363 1679 Quintillios
383 1596 514 1664 iratres,
549 1603 616 1655 tam
640 1594 790 1654 Graeciae
809 1592 983 1674 praefectos
1007 1596 1190 1669 (Philocte.
1214 1620 1244 1681 p.

128 1688 191 1748 545
216 1693 249 1744 et
263 1679 367 1758 559·)²
392 1700 427 1737 ea
444 1688 546 1738 autem
561 1690 669 1759 coepta
683 1687 729 1738 est
745 1680 827 1738 circa
847 1698 961 1738 aunum
985 1677 1066 1743 chr.
1087 1680 1241 1747 chxt.

126 1769 299 1852 Pytlriaque
312 1764 530 1829 CLXXXIX.
547 1784 584 1823 eo
601 1784 682 1833 antro
696 1762 864 1838 celebrata3
888 1762 1059 1844 siquidem,
1077 1764 1243 1829 resmente

127 1855 322 1925 Philostrato
341 1868 371 1928 p,
388 1851 457 1911 545.
477 1850 498 1912 l.
514 1869 542 1909 c.
558 1848 699 1908 nonnulli
717 1847 876 1918 dicebant,
898 1848 1022 1907 initium
1036 1848 1129 1910 illins
1145 1852 1241 1913 alter-

126 1938 257 1999 cationis
279 1934 374 1995 luisse
395 1931 577 2013 Pytbiorum
598 1932 756 2008 solemne,
776 1931 858 2011 quod
879 1929 1003 1993 diverso
1023 1932 1149 2012 judicia
1164 1956 1240 1997 ooa-

9 2020 13 2033 '
127 2030 252 2081 tentum
272 2020 421 2077 musicum
441 2018 671 2075 auscultassent.
698 2014 736 2075 ld
755 2018 836 2075 enirn
857 2014 1004 2094 l'ytlrium
1031 2018 1185 2079 solemne·
1202 2020 1239 2083 ad

126 2124 242 2165 annum
264 2102 430 2162 CLXXV.
449 2120 510 2181 quo
538 2101 726 2177 sirbsequens
751 2098 886 2160 solemne
913 2098 1009 2159 CXC.
1035 2102 1238 2180 celebratam,

124 2187 240 2251 referri
255 2186 382 2263 nequit¹
405 2185 452 2247 uti
470 2184 721 2263 exsequentibus
736 2184 877 2263 liquebit.
911 2183 1133 2244 Philostratus
1155 2190 1235 2249 enim

126 2291 232 2333 reram
245 2269 452 2329 altercationis
466 2266 557 2343 liujus
569 2286 689 2326 causam
707 2288 849 2326 enarrans
865 2266 909 2326 ibi
926 2267 1053 2345 scribit,
1073 2269 1235 2345 Herodem

127 2353 301 2439 tyrannidis
314 2353 393 2431 apud
408 2353 649 2431 Imperatorem,
673 2351 908 2425 Quintillioranr
923 2351 1022 2409 literis
1038 2346 1236 2435 acenistamt

125 2447 233 2521 postea
250 2438 350 2517 ipsum
365 2446 457 2517 sique
473 2436 662 2495 adversarios
675 2436 913 2513 Imperatorem,
933 2442 1000 2493 tum
1018 2436 1053 2493 in
1074 2438 1235 2499 Pannonis

125 2524 241 2587 bellum
257 2524 432 2600 gerentem,
453 2529 485 2579 et
500 2519 605 2580 Sirmii
625 2519 802 2597 degentem,
820 2519 946 2594 adiisse,
966 2527 1061 2598 atque
1076 2540 1184 2585 eoram
1197 2544 1233 2583 eo

125 2626 247 2669 caumm
269 2606 365 2683 egisse
383 2602 471 2681 (558.
494 2600 551 2683 A.)
568 2605 694 2663 vivente
713 2601 814 2663 adbuc
832 2604 877 2663 M.
904 2602 1026 2663 Aurelii
1051 2624 1173 2683 uxore,
1198 2624 1233 2667 se

125 2690 222 2754 liliola
242 2688 342 2750 adhue
362 2688 552 2749 balbutiente
578 2684 626 2768 (et
646 2686 740 2744 modo
759 2686 889 2761 trienni,
918 2706 948 2766 p.
971 2684 1063 2761 561.)
1097 2690 1172 2751 558.
1191 2690 1234 2751 Dr

125 2779 194 2839 Jam
216 2794 294 2838 vero
312 2772 458 2833 Faustina
479 2774 518 2832 A.
542 2771 579 2835 G.
601 2770 766 2835 CLXXV.
786 2772 844 2829 sub
864 2769 998 2829 hiemem
1018 2771 1114 2848 obiit3
1139 2782 1233 2855 atque

123 2860 217 2943 paulo
230 2866 301 2939 post
314 2858 439 2916 Marcus
453 2856 611 2935 epistolam
624 2855 662 2914 ad
682 2854 841 2914 Herodem
859 2855 1003 2934 scripsit,
1022 2856 1057 2915 ia
1076 2860 1140 2935 qua
1159 2876 1231 2917 aum

126 2946 167 3006 de
182 2942 256 3003 belli
268 2941 408 3002 liibernis
420 2942 515 3001 rerba
529 2939 657 3000 fecisset
664 2984 676 3013 ,
697 2940 730 2997 in
746 2939 857 3018 quibas
869 2947 936 2997 tam
949 2947 1034 3009 erat,
1053 2948 1086 2998 at
1100 2960 1231 3001 uxorem

125 3028 299 3091 deflevisset
322 3044 428 3084 reeens
459 3037 627 3097 mortuam,
662 3023 793 3081 addebat
821 3017 993 3103 ἀπολογίαν
1019 3042 1077 3101 pro
1100 3024 1231 3104 judicio,

125 3111 209 3195 qaod
222 3119 294 3173 ante
306 3108 452 3168 adversus
468 3129 539 3167 eum
554 3108 587 3167 in
601 3108 757 3167 Pannonia
778 3107 891 3166 tulerat
913 3112 956 3187 (p.
971 3107 1045 3169 sta.
1066 3110 1138 3169 coll.
1159 3120 1231 3170 cam

125 3201 200 3264 550.
211 3193 281 3272 DJ
302 3194 331 3256 J.
345 3193 492 3252 Marsos.
514 3193 592 3251 Exc.
608 3193 692 3253 ised.
716 3191 866 3251 Graeciae
887 3190 1042 3251 Praefecti
1064 3201 1155 3253 erant
1172 3194 1229 3253 aab

123 3283 171 3348 Μ.
185 3278 314 3340 Aurelio
333 3276 492 3335 clarissimi
514 3275 625 3334 fratres
647 3276 829 3351 Quintillii,
858 3295 988 3355 quarum
1010 3277 1094 3335 iuter
1112 3285 1232 3336 ceteras

124 3364 266 3428 meminit
288 3361 452 3436 Lamprid.
475 3361 507 3419 in
528 3358 699 3418 Commodo
719 3378 747 3419 c.
769 3364 801 3421 b.
822 3378 913 3439 quem
934 3359 1024 3433 vide,
1053 3363 1231 3421 etiosam

125 3447 263 3509 Casani.
277 3440 342 3507 uo't.
364 3446 414 3502 De
428 3444 525 3503 fratre
541 3452 603 3503 tam
615 3464 686 3501 caro
702 3440 780 3501 nihil
794 3441 908 3502 habere
922 3443 1105 3519 Lucianum,
1123 3448 1231 3509 miror.

124 3531 249 3597 Horum
268 3530 347 3589 alter
365 3529 471 3586 consul
492 3527 555 3586 tuit
574 3547 654 3587 aurio
678 3524 714 3590 C.
745 3546 813 3604 ¹77·
835 3527 913 3585 alter
939 3530 1006 3587 180.
1032 3527 1232 3588 Psiaretiam

123 3610 207 3677 anno
233 3616 302 3693 ¹⁵9·
327 3614 367 3677 V.
387 3612 479 3671 etiam
501 3614 601 3672 Dion.
623 3612 709 3673 Casa.
725 3608 765 3675 1..
780 3610 917 3675 LXXll.
932 3630 962 3691 p.
978 3614 1050 3689 819.
1068 3621 1101 3670 et
1113 3620 1179 3671 not.
1193 3610 1233 3671 ad

123 3698 545 3763 ·Pl1ilostr.l.c.Kuerllltos
564 3695 657 3772 vulgo
680 3694 840 3761 scribitur.
866 3694 925 3759 Ed.
941 3703 1094 3775 postrema
1109 3715 1152 3753 ex
1169 3696 1232 3759 Mt.

123 3782 289 3849 Kosslims
310 3779 412 3845 babet.
440 3781 635 3841 Gordianum
654 3786 686 3837 et
711 3781 890 3837 Maximam
913 3782 980 3837 Dio
999 3780 1139 3838 nominat
1161 3779 1183 3845 l.
1203 3798 1232 3845 c.

124 3867 190 3933 Pro
211 3864 370 3924 Gordiano
389 3868 558 3929 Wottonus
576 3882 645 3942 pag.
667 3860 738 3925 251.
759 3862 842 3925 Sext.
860 3863 899 3939 Q.
917 3862 1113 3921 Gordianum
1125 3862 1248 3923 vocari.

126 3949 243 4015 debere
254 3946 356 4010 docet.
378 3949 501 4010 soma.
527 3948 578 4005 Ile
592 3945 683 4026 hujus
697 3945 830 4005 nonanis
843 3945 1028 4005 formatione
1043 3946 1133 4027 plura
1152 3944 1234 4007 Ma·

123 4039 182 4111 ius
207 4042 243 4095 et
262 4034 422 4093 Benneras
441 4032 524 4095 Dias.
544 4030 646 4107 dicta,
674 4031 729 4112 qui
751 4024 981 4103 demonstrant,
1003 4030 1182 4109 Quintillae
1199 4038 1234 4093 et
