2506 4672
112 264 186 339 598
386 278 929 339 sonorarronss

197 468 304 533 cadi.
317 468 347 530 ls.
370 463 449 543 Huic
468 460 510 533 eoi
529 460 680 569 sips'eepce
706 462 857 549 δραπέται
878 458 955 548 reip)
986 462 1057 539 An,
1083 457 1172 549 nate
1183 452 1221 529 sd

115 547 270 636 o‘ssdespom
294 558 389 619 ’ΦΙΛ·
412 549 576 633 Aponiana
593 573 665 635 γαρ.
687 551 831 612 Mauors.
874 557 967 615 ΦΙΛ.
992 553 1119 631 Apate.)
1145 548 1221 609 Per·

116 638 238 709 turbata
253 636 305 697 hic
320 645 408 697 erant
421 636 540 709 omniu,
559 644 607 708 et,
624 643 661 694 ot
679 645 771 713 puto,
789 643 948 713 corrupts;
964 653 1038 693 num
1056 652 1118 693 nec
1131 632 1223 692 Mer-

116 722 206 781 curio
226 722 443 800 praeconium‚
472 738 530 780 nec
552 718 663 779 ceteris
681 739 753 777 suaa
775 717 886 797 cuique
905 717 976 777 satis
1003 726 1094 776 recte
1121 722 1223 795 partes

118 804 325 882 adsignantur·
360 802 545 863 Medicinam
564 803 696 883 aliquam
723 802 800 861 fecit
820 802 1008 873 Marciliaa,
1029 798 1110 859 dum
1137 804 1225 865 ΦΙΛ.

117 888 208 967 ponit
220 899 290 947 ante
303 884 465 969 Apaue'scs
473 934 483 964 ,
503 886 585 969 quod
601 886 634 944 in
650 884 919 966 reliquis-deerat,
941 882 1022 966 quod
1041 882 1225 963 exemplum

118 970 206 1052 sequi
220 972 318 1033 Salas.
331 973 480 1031 editorem
495 970 650 1034 decuerat.
670 970 787 1029 Souara.
831 966 910 1028 Cum
923 966 1001 1026 illud
1017 971 1114 1033 ΦΙΑ.
1133 967 1225 1026 ahes-

119 1055 215 1114 setin
227 1056 387 1131 omnibns,
406 1062 529 1133 praeter
556 1057 634 1114 Par.
654 1051 817 1112 admittere
840 1051 939 1113 nolui.
958 1050 1002 1109 Et
1020 1070 1097 1109 sane
1123 1058 1228 1133 contu

120 1158 210 1219 quem
224 1140 395 1198 Maecilius
411 1138 521 1201 sentio.
544 1137 658 1195 Melius
679 1138 760 1194 enim
778 1134 940 1208 cohaeret,
957 1133 1083 1193 eosdem
1102 1152 1163 1192 sua
1176 1134 1228 1193 in·

24 1256 27 1261 ·
120 1223 307 1300 vestigantes
318 1223 468 1281 rationem
482 1218 610 1295 addere,
632 1238 688 1277 cur
709 1219 762 1277 alii
787 1220 905 1278 nullum
919 1218 969 1297 jas
981 1218 1016 1277 in
1029 1236 1103 1277 suos
1119 1216 1230 1277 sitsu-

122 1303 254 1382 gitivoa,
272 1327 362 1384 quam
379 1305 472 1364 alium
490 1303 565 1363 haec
578 1303 747 1381 subjicere:
770 1302 864 1383 idque
877 1321 919 1361 ex
935 1300 1041 1361 addito
1058 1292 1124 1383 yoip
1138 1306 1231 1381 patet.

124 1388 211 1463 Quin
225 1390 269 1447 ita
282 1390 334 1449 vel
352 1394 441 1453 ΦΙΛ.
457 1387 639 1464 ejiciendum
657 1385 835 1462 suaderem,
854 1386 881 1445 si
895 1382 1017 1444 adesset
1034 1384 1070 1445 in
1082 1384 1165 1445 aliis.
1190 1382 1233 1441 Es

122 1470 198 1529 licet
217 1472 252 1531 in
272 1473 399 1541 Graecis
419 1470 557 1543 adesset,
586 1472 620 1531 iu
642 1469 760 1531 Latinis
779 1479 881 1529 temen
906 1468 999 1529 etiam
1019 1466 1234 1549 praetermisit

124 1554 328 1621 Birteeimer.
349 1556 466 1617 Rama.
560 1574 563 1580 ’

209 1638 278 1700 eod.
292 1638 314 1700 1.
331 1658 360 1714 7.
380 1640 519 1702 Ei‘usode
541 1636 574 1703 dd
594 1632 722 1717 καθότι)
741 1634 998 1717 Obscuriusculus
1017 1634 1058 1695 ah
1073 1632 1140 1693 hoc
1161 1632 1234 1713 inde

124 1718 195 1781 loco
208 1721 330 1783 libellus
344 1722 383 1781 ob
402 1743 467 1784 eum
477 1767 489 1795 ,
510 1733 600 1802 puto,
620 1725 789 1797 rationem,
810 1720 893 1801 qnod
905 1738 1055 1799 personas
1074 1738 1143 1777 non
1162 1718 1234 1777 sutis

57 1866 66 1887 x
127 1803 290 1883 diligenter
303 1805 459 1885 adpositae
472 1817 557 1867 sunt:
579 1806 661 1886 quod
677 1817 710 1865 ut
726 1805 930 1881 intelligatur,
945 1822 1057 1881 scopus
1079 1810 1116 1863 et
1131 1820 1236 1862 oeco-

4 1954 7 1961 ,
128 1888 233 1949 nomia
254 1891 348 1948 totius
367 1890 466 1952 libelli
489 1890 677 1969 inspicienda
696 1898 753 1951 est.
784 1889 917 1947 Videtur
927 1887 1085 1947 Lucienus
1100 1884 1238 1967 aliquem

129 1972 170 2031 de
183 1972 342 2053 Peregrini
358 1994 382 2036 s.
398 1974 503 2034 Protei
517 1994 607 2052 grege
624 1972 773 2052 Cynicum
798 1970 870 2030 odio
884 1969 1008 2050 publico
1025 1968 1165 2030 voluisse
1178 1990 1239 2029 ex-

129 2075 258 2136 ponere,
286 2056 459 2119 Exordium
483 2058 599 2136 petitur
623 2056 743 2137 abipsa
761 2056 868 2114 Protei
889 2062 1007 2131 morte,
1025 2052 1066 2113 de
1078 2073 1142 2133 qua
1156 2072 1238 2127 cou-

130 2140 252 2201 lemtim
267 2142 285 2200 J
287 2142 388 2220 opiter
402 2142 552 2222 loquitur.
572 2140 759 2220 Supervenit
771 2135 977 2217 Philosophia,
994 2156 1030 2197 ec
1044 2135 1083 2195 de
1097 2134 1239 2197 Pseudo·

129 2220 386 2305 philosophorum
402 2226 524 2301 injuriis
539 2228 698 2304 queritur,
719 2242 824 2283 eorum
839 2223 1037 2302 praesertim,
1055 2220 1111 2301 qui
1126 2218 1240 2281 humili

131 2306 273 2449 ipfficiq'
293 2308 344 2368 vel
365 2308 471 2409 servili
493 2308 568 2368 adeo
593 2308 770 2406 conditione
788 2306 908 2367 deserta
921 2304 960 2365 ad
974 2304 1104 2447 pplliupr
1119 2312 1153 2393 et
1166 2302 1241 2384 phi·

134 2388 1243 2554 ,ttlltl‘llt‘lltlmll}‘lllltllttlhltlli'ltl:

135 2557 293 2634 Hercule,
312 2560 350 2620 ad
366 2560 570 2639 perquirenda
587 2559 639 2619 illa
657 2558 923 2617 dehonestamenta
937 2556 986 2615 sni
1006 2554 1164 2626 nominis,
1189 2562 1242 2615 ut·

136 2661 197 2721 que
211 2643 393 2702 ulciscenda.
417 2642 462 2701 Ut
478 2664 513 2702 eu
525 2645 739 2710 inveniantur,
759 2642 792 2701 in
806 2638 968 2700 Thraciam
981 2638 1162 2715 auriferam,
1181 2658 1243 2698 no·

134 2726 276 2787 minatim
297 2726 456 2807 Philippos
478 2726 677 2787 Macedoniae
699 2726 806 2785 urbem
826 2725 874 2783 ire
901 2724 1028 2797 comites
1051 2741 1127 2783 suos
1152 2722 1243 2801 jubet

134 2806 333 2889 Philosophia
341 2853 351 2885 ,
378 2820 411 2870 et
437 2811 600 2890 praeconio
626 2811 719 2875 citare
746 2808 896 2888 aliquem,
929 2808 984 2887 qni
1008 2824 1027 2865 a
1055 2798 1166 2893 assim
1190 2804 1244 2867 vel

134 2883 271 2975 κτήματι
292 2914 404 2955 nomen
425 2893 544 2957 habeat.
571 2894 805 2967 (Substituimus
826 2883 1139 2952 habendinomeuin
1160 2902 1243 2949 cost-

19 3016 21 3021 -
134 2978 280 3035 versione
307 2981 432 3050 nostra).
461 2977 617 3037 Credibile
646 2987 691 3036 est
722 2977 834 3056 igitur,
876 2976 1030 3054 orestem,
1069 2972 1242 3047 Ctesonem,

137 3062 317 3131 Ctesiclem,
346 3063 527 3133 Ctesibium,
556 3063 752 3139 Ctesippssm,
780 3058 1007 3131 Philoctetam,
1036 3058 1243 3135 Pohctetnm,

135 3144 346 3220 Euctemona,
367 3155 419 3205 aut
439 3145 533 3204 simili
545 3146 671 3204 nomine
684 3144 798 3216 fuisse,
818 3142 1111 3223 quem-perstringit
1126 3140 1245 3201 Lucia·

136 3246 215 3287 nuse
247 3220 317 3287 usin
342 3228 381 3287 de
402 3229 545 3308 Epicteto
566 3229 622 3287 illo
646 3229 743 3287 nobili
765 3221 820 3287 uix
840 3228 980 3319 cogitprc¹
999 3225 1046 3285 ias
1075 3230 1140 3300 est3
1170 3224 1245 3295 licet

138 3309 278 3371 conditio
300 3312 420 3372 servilis
443 3332 503 3372 sana
526 3332 595 3370 cum
616 3313 741 3371 nomine
767 3311 801 3370 in
825 3311 926 3389 ipsum
956 3308 1140 3385 conveniat3
1172 3308 1246 3369 licet

104 3468 107 3473 Ι
138 3412 279 3471 magnam
305 3396 387 3454 vitae
407 3405 526 3475 partem
541 3395 574 3454 in
589 3392 740 3455 Thraciae
762 3392 902 3473 exegerit
913 3391 1058 3473 Nicopoli
1064 3410 1075 3467 ς
1091 3390 1172 3453 licet
1186 3390 1245 3451 suh

138 3478 307 3538 Antoninis
328 3477 427 3538 adhuc
449 3478 536 3538 illum
557 3480 690 3554 vixisse,
714 3478 901 3537 Themisteas
921 3475 1012 3539 Orat.
1028 3472 1061 3540 5.
1074 3494 1122 3557 pr·
1138 3493 1165 3543 s.
1179 3492 1245 3557 pag.

140 3558 190 3621 63.
210 3560 252 3621 D.
276 3571 308 3621 et
325 3563 461 3630 Saitica,
491 3562 692 3622 tradiderint:
717 3562 770 3642 qui
790 3570 894 3621 tamen
921 3558 1037 3639 mugnis
1058 3558 1247 3639 argumentis

138 3643 319 3704 refutantur
331 3647 368 3705 ab
384 3648 429 3705 H.
442 3646 604 3706 Dodwello
622 3646 694 3711 diss.
710 3649 740 3707 5.
760 3646 798 3704 ad
816 3644 933 3723 Geogr.
949 3645 1084 3713 minum
1095 3643 1247 3703 Hudsons'

143 3723 173 3808 ς.
194 3746 224 3805 9.
247 3747 314 3808 sqq.
347 3730 451 3805 Quare
475 3729 553 3788 illud
575 3731 657 3790 iorte
678 3750 741 3790 nou
764 3726 929 3788 absurdum
956 3726 1055 3787 fuerit
1082 3726 1247 3807 conjicere,

140 3810 239 3872 fuisse
263 3821 346 3878 tum,
373 3824 402 3871 et
422 3812 473 3872 hic
494 3814 558 3892 peti
566 3855 584 3881 ,.
603 3814 779 3893 Epictetum
801 3811 895 3871 alium
920 3810 1098 3889 juniorem,
1126 3810 1252 3874 simiam

140 3894 226 3956 forte
240 3893 323 3955 illius
337 3896 477 3974 majoris,
497 3897 619 3959 servilis
632 3896 815 3957 conditionis
827 3892 984 3957 hominem
996 3902 1032 3965 et
1042 3894 1169 3975 ipsum,
1192 3890 1248 3953 sed

141 3976 318 4058 principum
345 3979 486 4039 virorum
507 3979 648 4042 amicitiis
670 4001 744 4061 opes
762 3986 963 4041 consecutum
981 3976 1135 4057 majores,
1149 3984 1249 4049 ,aem

143 4060 358 4125 maledicentia
370 4063 609 4139 terribiliorem,
629 4084 720 4148 quam
742 4071 780 4127 ut
796 4060 1111 4147 uiniaapereittan
1121 4070 1250 4145 sanger·
