2506 4672
117 264 193 349 §tl
394 236 949 341 euuorsrrousa

65 448 69 457 Ι
117 475 151 537 ln
168 473 244 539 Oba.
260 466 376 533 Philol.
398 467 435 530 ad
450 467 482 531 h.
495 467 516 533 l.
530 467 571 535 N.
589 466 629 535 T.
652 464 772 531 Confer
791 477 824 553 pt
844 488 911 551 cap.
928 468 981 535 16.
1003 466 1110 554 hujus
1131 494 1230 536 narra.
1251 533 1253 548 ι

42 582 45 593 ·
116 560 220 621 tionis.
243 558 359 617 liurrz.

112 669 119 677 ·
205 640 284 705 tud.
304 632 418 703 Πάντα
431 632 565 717 isiacos)
588 630 728 699 Subsudi
748 634 849 701 iluna.
870 636 1004 700 Curru.
1036 638 1126 705 Nam
1141 636 1253 709 ndns

117 726 211 793 stum
233 732 265 783 et
288 718 401 801 scirpos
421 721 499 785 ιιίιιι
521 739 589 779 esse
610 720 755 799 proverb.
780 742 797 779 a
821 720 950 783 Graccis
968 732 1106 801 ortum,
1126 726 1230 809 pitin
1252 729 1253 798 i

119 810 248 869 Ειαιιηί
265 804 397 866 Chiliad.
412 826 480 883 pag.
498 822 568 867 rso.
595 803 658 863 sed
672 814 703 864 et
714 804 809 867 sessis
825 825 884 883 pro
899 806 1028 883 moliri,
1053 812 1229 889 tentare,in
1252 831 1253 878 ζ

118 894 187 951 aliis
210 890 418 951 locutionibus
443 889 608 957 usitatum,
634 896 671 947 ut
688 890 781 952 scaeis
801 888 925 971 τέχνην,
946 904 1057 953 aream
1081 894 1228 969 ausum,

118 976 280 1055 Aphthon.
300 974 376 1034 Fab.
392 975 421 1031 4.
456 972 519 1032 Pru
540 971 704 1031 admonere
726 972 840 1035 Noster
859 972 947 1035 Asin.
963 972 1040 1057 cap.
1055 974 1113 1045 48.
1139 978 1227 1045 Koria
1251 967 1253 1036 i

118 1050 305 1133 παιδευτὴν,
324 1060 510 1133 magistrum
523 1078 652 1135 urgere,
673 1055 788 1114 Leton.
805 1055 906 1135 Epist.
924 1059 976 1123 18.
998 1060 1127 1141 Res-ra.
1216 1132 1219 1137 ,
1252 1125 1253 1142 ,

197 1138 272 1203 ἰαί.
285 1140 307 1206 l.
325 1142 355 1205 8.
373 1141 523 1218 I'puidsu,
544 1134 646 1221 χήρας
660 1128 765 1213 cussie)
785 1140 914 1217 Duplex
926 1140 994 1221 hic,
1019 1156 1057 1207 et
1072 1156 1226 1231 utrumque
1251 1151 1253 1228 l

119 1246 191 1286 sane
205 1227 342 1303 insigne,
364 1222 555 1285 Christianae
570 1234 638 1283 tum
652 1220 846 1283 fortitudinis
865 1232 931 1285 tum
949 1228 1120 1311 caritatis,
1142 1232 1226 1293 docu-
1251 1234 1253 1278 l

117 1318 255 1370 mantum
280 1328 322 1367 ex
344 1306 412 1385 ipso
432 1307 627 1367 inimicorum
649 1326 704 1366 ore
725 1305 822 1372 ssrdia.
857 1308 952 1369 Haud
976 1314 1140 1393 exiguum
1156 1317 1223 1377 enin

75 1430 79 1437 ·
117 1392 389 1473 eratpericulum‘,
407 1392 458 1451 cui
471 1411 505 1451 se
517 1391 562 1451 sic
579 1390 749 1451 offerebant
765 1390 952 1471 Christiani,
972 1398 1057 1460 ‘cum
1081 1398 1223 1461 Christis-

116 1497 191 1537 num
208 1497 277 1537 esse
292 1475 386 1552 vulgo
400 1474 529 1555 capitale
543 1483 632 1536 esset.
657 1472 855 1535 Immemores
869 1484 974 1537 umen
990 1482 1138 1561 periculi
1150 1504 1222 1545 acce·

116 1562 248 1636 debant,
271 1550 488 1639 pars'audimri
504 1559 680 1634 docentem,
701 1558 753 1617 slii
779 1560 979 1639 consola-turi,
1000 1574 1066 1625 aut
1096 1586 1222 1631 necass-

114 1645 161 1705 ris
179 1643 362 1723 praebituri.
382 1642 427 1701 Ut
441 1643 501 1703 uisi
515 1642 694 1723 superstitio
708 1651 826 1701 mentes
838 1658 1054 1729 excaecasset,
1083 1650 1221 1717 laudaturi

116 1728 250 1793 luissent
273 1729 324 1787 vel
346 1728 404 1806 ipci
427 1725 553 1786 Ethniei
574 1726 759 1825 religionem1
777 1724 1005 1801 Christianam,
1031 1754 1136 1831 quae,
1156 1734 1221 1817 qual

115 1812 176 1892 ipsi
190 1812 224 1871 iu
240 1831 384 1890 perquam
401 1812 525 1889 paucis,
547 1810 647 1891 iisque
663 1810 785 1869 cxirmis
807 1812 923 1887 amicis,
945 1814 1060 1877 miratu
1076 1828 1168 1897 sunt,
1183 1820 1220 1883 ri-

113 1897 300 1957 lirsimorum
322 1896 353 1954 in
373 1896 506 1973 speciem
523 1892 683 1955 hominum
697 1894 850 1955 mentibus
862 1894 1096 1971 fortitudinem
1111 1914 1219 1975 tantan,

114 1988 292 2059 tantamque
307 1978 470 2039 amicitiam
485 1980 721 2057 ingeneraverit.
760 1977 850 2051 Vide,
871 1980 994 2060 quantis
1022 1984 1220 2065 ipsaLaeis·

113 2084 173 2124 nus
188 2062 287 2122 officis
302 2062 452 2141 ejusmodi
468 2064 573 2122 suricis
587 2066 734 2141 praestita
747 2060 780 2122 in
793 2082 849 2122 suo
867 2062 987 2141 'l'oxsri
1006 2066 1164 2133 laudibus
1176 2092 1221 2133 ex·

75 2148 80 2157 '
116 2148 243 2209 tulerit!
280 2146 344 2223 Qui
367 2145 420 2219 tit,
447 2156 496 2217 nt,
525 2148 650 2228 quaein
671 2146 739 2205 aliia
759 2145 965 2226 admirantur,
983 2150 1024 2211 in
1041 2150 1223 2231 aliisrurrst

116 2232 238 2293 rideant
257 2240 289 2289 et
306 2229 495 2297 exsibilenti
521 2230 695 2311 summique
713 2229 823 2291 herulis
846 2226 1035 2311 videantur,
1055 2234 1122 2321 'qui
1137 2241 1222 2303 amieo

115 2318 149 2378 in
165 2334 289 2374 carcere
312 2313 414 2373 adsint
437 2314 587 2374 malornm
608 2317 790 2395 participes,
824 2312 1014 2395 Christiani,
1049 2324 1164 2387 cadem
1179 2332 1224 2397 ‚sut

114 2402 231 2481 majora
256 2406 462 2479 praestantes,
491 2397 648 2461 dementes
668 2396 861 2460 habeantur?
901 2400 962 2461 His
984 2414 1110 2469 auum
1138 2408 1224 2483 lectis,

113 2486 183 2566 quis
203 2480 380 2549 vecordiam
401 2501 591 2561 nuperorum
613 2482 803 2564 quorundum
823 2480 986 2547 homiuum
1018 2494 1104 2553 satis
1130 2484 1225 2562 iiairrri

113 2568 226 2649 possit,
248 2566 301 2646 qni
318 2566 403 2625 inter
416 2566 488 2626 alius
504 2567 613 2627 multas
635 2567 771 2647 ejusdem
793 2566 911 2641 lariuse
928 2570 1133 2657 cslumniss,
1156 2576 1225 2649 haus

113 2655 203 2732 operi
227 2670 284 2711 suo
308 2651 523 2725 inseruerunt,
568 2651 661 2728 Quod
685 2650 869 2731 Christiana
893 2654 1010 2735 religio
1042 2662 1169 2735 amathi
1190 2658 1226 2723 ad

113 2736 291 2797 amicitiam
317 2732 480 2805 dometur?
510 2735 642 2795 Vetulae
663 2744 785 2810 autem,
810 2756 884 2817 quas
906 2752 1090 2821 memorat,
1109 2748 1224 2809 Diam·

113 2825 218 2881 nicene
238 2818 516 2895 viderenturne,
538 2819 577 2881 de
599 2819 709 2902 quibus
730 2822 859 2881 consule
883 2820 922 2885 G.
937 2822 1072 2889 cavum
1096 2830 1223 2907 inlilrrs,

111 2924 204 2985 quem
220 2902 383 2981 deprimis
416 2902 607 2976 Christianis
623 2904 764 2985 scripsit,
780 2905 894 2987 quique
917 2907 1069 2973 omnium
1080 2914 1225 2979 ,manibus

111 2989 224 3048 merito
244 2988 373 3065 teritur,
400 3006 470 3066 pag.
493 2989 564 3059 aas.
597 2987 687 3067 Adde
707 2988 796 3071 Orig.
818 3009 845 3051 c.
861 2986 943 3051 Cels.
959 2990 1007 3061 Π,
1020 3014 1100 3083 1³⁸3·
1117 3002 1226 3067 mat

113 3075 184 3137 144.
205 3072 322 3129 Sama.
903 3134 909 3145 ,
1029 3112 1037 3117 -

195 3156 354 3217 aaut-11.
385 3158 504 3221 Asinae
524 3154 666 3235 natalia)
697 3157 781 3234 Quas
804 3176 915 3217 coenas
929 3166 1176 3231 voestvariaa?
1192 3186 1224 3229 ιιι

113 3240 260 3322 dapsiles,
294 3241 450 3319 opiparas,
483 3248 515 3301 et
546 3261 619 3321 quus
651 3244 854 3300 Terentianus
875 3244 1052 3323 parasitus,
1083 3246 1136 3327 ρι’,
1164 3258 1224 3333 part

110 3325 221 3397 illum,
239 3326 414 3393 Horatius,
448 3323 555 3385 dubias
576 3324 732 3405 appellnt?
768 3324 823 3385 Nil
845 3326 917 3385 tale.
955 3330 1092 3399 Aetam
1106 3336 1224 3413 norell!

110 3409 158 3469 nil
168 3409 250 3468 uliud
267 3418 339 3467 sunt
346 3451 356 3483 ,
376 3430 466 3491 quarn
485 3409 566 3489 qnod
579 3410 672 3488 primi
694 3406 860 3469 Christiani
880 3404 1008 3493 alysinuc
1030 3408 1224 3483 vocitabantt

111 3513 223 3551 coenas
236 3513 344 3553 sacras
358 3501 443 3553 recte
451 3537 460 3567 ,
486 3493 612 3573 opinor,
631 3492 759 3567 dixeris.
793 3492 858 3553 Cur
872 3505 976 3559 scriem
989 3496 1035 3561 sit
1050 3506 1099 3565 ita
1111 3498 1223 3567 intelli·

112 3576 230 3653 gcndus
250 3575 301 3635 hic
323 3577 426 3648 locus,
453 3597 599 3658 perquam
623 3577 714 3639 sscile
735 3586 836 3658 potest
855 3577 1149 3650 demonstrarijvel
1168 3580 1224 3649 irae

111 3678 175 3719 uuo
194 3670 390 3737 argumento,
417 3659 501 3742 qnod
521 3681 595 3720 mox
621 3660 794 3741 subjungit,
823 3660 879 3725 sul
904 3662 1107 3751 ilpulstdpm
1130 3664 1226 3739 ηὖῑόι

111 3742 267 3823 s'le'yussu,
295 3765 403 3804 socrus
426 3747 474 3807 ibi
497 3749 659 3805 conciones
682 3747 810 3827 haduae
824 3748 940 3827 saissa.
986 3742 1163 3819 Notandu'a
1180 3756 1225 3817 hie

110 3827 197 3886 locus
211 3827 249 3886 ab
268 3827 306 3886 iis
324 3828 436 3901 suerat,
457 3830 510 3909 qui
528 3829 566 3887 de
579 3831 729 3889 nascentis
744 3828 900 3889 Ecclesiae
924 3838 1130 3913 temporibus
1151 3839 1226 3909 ιαμ·-

111 3932 213 3991 parre.
235 3910 381 3971 Ridicule
395 3935 469 3972 vcro
489 3917 647 3973 Burunius
654 3956 665 3983 ,
689 3915 760 3993 qni,
780 3913 855 3975 dum
868 3914 907 3975 de
921 3916 1226 4005 Peregriuolgerel,

110 3996 214 4077 vertit,
237 3996 338 4071 ansuis
360 4001 483 4074 generis
506 4019 616 4057 euersas
638 3994 762 4063 untias.
793 3992 911 4065 ruach.
951 4002 1010 4071 De
1026 4000 1226 4077 Christiana}

111 4100 181 4141 rum
203 4079 319 4160 Agspie
341 4076 417 4140 haec
437 4084 528 4161 uulgo
548 4078 779 4162 intelliguntur}
800 4082 930 4165 meanto,
956 4078 987 4147 si
1004 4080 1105 4155 simul
1119 4092 1225 4155 obser·
