2506 4672
133 252 210 331 492
312 270 317 295 ’-
404 216 1084 333 auuor'srronus'„

134 454 328 539 (Pounlx.
342 473 374 533 p.
391 448 495 529 581.);
521 450 574 509 red
597 452 758 528 genuinam
781 454 892 532 probat
910 454 1051 515 Clericus
1065 476 1113 516 ex
1129 458 1246 520 Herod.

134 548 178 624 ΙΙ,
194 545 247 607 53.
264 560 355 620 quem
368 534 441 595 vide
455 536 491 593 ad
506 535 631 593 titulum
645 538 765 613 operis,
786 548 817 597 et
830 559 861 601 v.
875 555 948 601 211.
969 540 1099 601 sorus.

220 628 288 685 ead.
302 624 325 685 l.
343 623 392 683 tle.
412 616 544 691 Κλείσις)
563 619 646 677 Hine
664 629 764 696 patet,
786 620 955 681 Luciannm
977 623 1093 700 legisse
1115 626 1247 707 νιλελσιμι

133 733 193 795 pro
215 701 357 786 uitiosum·
383 702 445 762 vid.
465 722 497 763 v.
527 704 600 765 105.
624 704 739 763 Totum
762 713 865 764 auteur
892 726 1016 765 versum
1037 715 1078 767 ut
1102 698 1246 781 nothum,

134 795 221 857 nulla
233 792 352 850 ratione
367 786 505 858 reddita,
524 786 641 863 respuit
654 789 797 863 Gnyetrar.
820 789 937 849 Sonare.
955 791 1050 869 Apud
1065 794 1246 851 Hesiodum

118 874 251 957 ‘legitur
263 865 373 943 alsisse,
391 869 539 930 suadente
552 871 643 927 etiarn
662 870 754 929 metri
766 872 895 934 ratione.
916 872 976 933 Sed
989 882 1137 954 praestat
1153 886 1246 939 tons

45 952 47 957 ⁵
133 962 237 1025 locum
252 975 407 1037 apponere
428 957 517 1033 Θισγ.
539 954 589 1013 30.
616 974 680 1033 seq.
1033 992 1037 1007 .

260 1041 326 1111 Kal
345 1061 400 1117 ’μοι
420 1034 578 1116 σκῆπτρον
599 1032 682 1111 ἕλον,
705 1031 825 1117 δάφνης
843 1037 1004 1118 ἐριθηλέος
1022 1036 1104 1113 ὄζον

260 1122 460 1205 Δρέψασθαι
478 1116 619 1194 θηητόν,
639 1120 824 1185 ἐνέπνευσαν
843 1124 879 1186 δι’
896 1148 950 1204 μοι
968 1119 1072 1201 αὐδὴν

266 1207 376 1284 orins,
398 1198 474 1276 airas
494 1198 614 1300 νλὺοιμι
633 1200 672 1267 τά
692 1200 719 1270 τ’
740 1198 889 1285 ἐσσόμενα
896 1253 908 1282 ,
928 1201 1020 1289 opo'r'
1042 1204 1149 1275 ἐόντα

263 1293 329 1357 Kal
346 1312 385 1369 με
405 1282 535 1351 satore*
554 1288 677 1365 νμνεῒν,
697 1313 724 1352 ιι.
745 1316 772 1352 τ.
792 1295 819 1353 λ.
842 1291 944 1356 Gran.
984 1294 1022 1352 ln
1050 1296 1205 1355 Hesiodo
1219 1316 1244 1359 1.

136 1380 190 1445 32.
212 1385 298 1438 recte
317 1375 397 1452 legi,
429 1374 541 1448 θείην,
562 1365 605 1446 οἷς
626 1374 772 1452 κλείοιμι,
800 1374 949 1435 Codicum
972 1378 1034 1455 jam
1058 1384 1243 1441 auctoritato

80 1528 88 1543 ⁸
136 1461 378 1542 comprobatum.
401 1456 494 1516 Certe
510 1457 680 1517 Luciauum
695 1460 739 1515 sic
752 1460 786 1516 in
802 1478 858 1517 auo
869 1459 948 1519 libro
959 1459 1093 1538 legisse,
1115 1465 1193 1523 satis
1205 1473 1242 1524 est

136 1546 343 1610 manifestum.
379 1542 484 1619 Quare
506 1558 567 1599 uon
589 1548 672 1608 erat,
700 1540 781 1620 quod
808 1544 939 1601 Batinus
964 1553 998 1605 et
1026 1546 1243 1609 Salamiaderus

136 1631 313 1695 Luciauum
327 1627 451 1684 erroris
473 1632 504 1682 et
523 1624 725 1702 ignorantiae,
768 1627 974 1686 Wislanrlius
999 1630 1099 1689 etiam
1133 1632 1240 1693 fraudis

137 1714 306 1796 cujusdam,
329 1730 418 1790 quam
438 1706 522 1776 dicit,
542 1708 746 1785 palaestricae,
769 1709 957 1770 damnarent.
978 1710 1137 1775 Ceterum
1159 1718 1240 1777 Wu-

138 1800 268 1859 lonclius
287 1814 358 1854 rum
381 1793 499 1851 'roomo
515 1792 688 1850 Franklino
711 1788 792 1851 hune
813 1792 965 1870 dialogum
987 1814 1047 1874 pro
1071 1798 1238 1877 fragmento

138 1882 247 1943 habuit
261 1880 373 1947 libelli,
397 1897 487 1956 quarn
502 1875 552 1936 vel
568 1877 634 1954 ipse
644 1884 830 1933 'auotornon
845 1878 1029 1955 perissent,
1051 1882 1109 1941 vel
1130 1884 1237 1965 imper·

137 1968 258 2029 fectum
272 1983 359 2021 casus
376 1963 463 2019 nobis
477 1959 650 2021 tradiderit.
680 1959 768 2033 Quae
781 1962 957 2037 conjectura
974 1971 1010 2022 ut
1031 1984 1107 2025 nora
1124 1966 1237 2027 omnino

138 2047 349 2129 improbabilis
369 2054 433 2113 est,
458 2044 501 2100 ita
522 2051 607 2103 certe
625 2062 687 2101 non
708 2045 876 2102 necessaria
899 2045 1048 2115 videturr
1065 2056 1107 2107 ut
1131 2048 1239 2111 exhau-

137 2124 219 2194 stam
246 2141 335 2209 putes
360 2128 585 2207 quaestionem,
618 2127 680 2184 suis
709 2126 800 2186 ruodo
825 2126 937 2201 finibus
966 2130 1241 2215 circumscriptam·

141 2215 233 2295 Nihil
249 2215 336 2291 enim
359 2210 460 2283 aliud,
491 2210 601 2284 credo,
628 2210 728 2271 voluit
756 2220 880 2281 auctor,
916 2232 1006 2291 quam
1034 2216 1176 2277 amioum
1200 2214 1242 2277 rel

142 2300 257 2361 amicos
271 2296 388 2376 aliquos
397 2339 408 2367 ,
431 2314 500 2353 curn
516 2294 625 2373 quibus
639 2288 725 2373 prius
740 2294 778 2353 de
793 2292 898 2353 eadem
913 2314 948 2355 ra
963 2298 1130 2359 Hesiodea
1144 2303 1242 2381 jucau·

143 2382 183 2445 (lo
204 2383 432 2462 disputaverat,
453 2379 623 2438 rationibus
645 2380 798 2437 nonnullis
818 2378 1021 2457 probabiliter
1039 2380 1242 2461 expositioni

138 2488 226 2532 suam
242 2453 412 2548 perducere
427 2465 618 2523 senteutiam.
639 2464 735 2543 quue
748 2471 905 2542 uteunque
920 2462 979 2522 hoe
991 2464 1120 2547 dialogo
1133 2468 1240 2529 tactus

141 2571 266 2615 essene
283 2550 489 2610 Wielondius
501 2546 624 2626 quidem
644 2549 713 2625 ipae
733 2548 867 2625 negavit.
882 2548 990 2607 Larasa
1122 2606 1130 2623 .-

223 2637 310 2714 Pag.
321 2634 420 2693 11111.
431 2650 458 2690 2.
472 2628 634 2695 Γυναικῶν
650 2624 779 2709 ἀρετᾶς)
800 2630 977 2707 Significare
988 2632 1123 2695 videtur
1133 2635 1238 2697 libra!

88 2728 92 2751 ⁵
142 2718 378 2793 demulieribus,
393 2717 431 2775 de
448 2736 517 2794 quo,
538 2725 574 2773 ut
587 2718 711 2777 omniuo
728 2715 767 2773 de
781 2714 904 2793 scriptis
911 2716 1051 2793 Hesiodi,
1073 2720 1142 2799 egit
1160 2722 1238 2779 Paa-

27 2820 34 2843 ¹
141 2826 210 2867 sun.
226 2804 288 2877 IX,
305 2803 358 2865 31.
379 2802 432 2861 ubi
445 2798 594 2859 videndus
610 2800 738 2857 Sa'sbelis
753 2800 842 2858 Tum.
858 2798 918 2869 lv,
934 2820 967 2879 p.
983 2818 1051 2863 101.
1068 2824 1119 2883 aq.
1140 2804 1239 2865 Lura

225 2887 296 2946 aad.
317 2885 339 2949 l.
368 2904 416 2947 ιο.
448 2876 603 2963 Tp'isspov)
634 2882 712 2959 Quis
738 2902 870 2962 unquam
895 2882 989 2942 fando
1014 2884 1161 2965 audisis,
1186 2888 1236 2947 Τσ·

140 2970 268 3052 lephum
287 2970 371 3029 inter
391 2983 477 3027 vates
500 2968 660 3027 habiturn?
689 2967 841 3046 Corrupto
866 2967 970 3046 itaquo
991 2966 1071 3027 haee
1089 2978 1170 3037 vox.
1182 2964 1235 3031 set

142 3056 217 3137 quid
237 3056 449 3133 reponendum
471 3053 539 3124 sit„
559 3071 621 3109 non
652 3072 748 3130 aeque
768 3049 904 3129 proclive
927 3059 974 3110 est
999 3052 1161 3121 divinare.
1199 3054 1234 3113 lit

142 3140 278 3218 Polyido
291 3137 341 3197 vel
356 3158 396 3195 ex
412 3136 525 3195 Nostro
540 3142 660 3193 constat
666 3179 678 3207 ,
701 3135 896 3193 vaticinatum
910 3154 995 3205 esse,
1016 3134 1096 3197 vido
1110 3140 1166 3201 tre
1179 3136 1236 3199 Srlt.

141 3245 168 3285 ο.
184 3224 238 3304 49,
264 3221 315 3280 De
336 3221 460 3280 Phineo
480 3226 607 3277 narrant
627 3221 718 3277 etiam
738 3220 864 3297 poetae,
884 3218 919 3277 in
931 3220 1090 3282 caecitatis
1104 3224 1236 3291 solatia!

131 3326 317 3368 'concessam
338 3305 367 3364 ei
388 3304 486 3363 fuisse
508 3303 665 3361 divinandi
686 3303 838 3381 peritiam.
858 3300 981 3365 Seueri.
1021 3304 1089 3363 Pro
1111 3302 1237 3385 Τήλεφον

145 3392 375 3454 Valckenarius
399 3388 435 3447 ad
458 3390 608 3447 Herodot.
627 3387 683 3448 lib.
705 3388 743 3443 V.
767 3407 796 3463 p.
813 3387 885 3461 392.
901 3406 932 3447 v.
954 3389 1006 3449 51.
1031 3384 1094 3447 Ed.
1118 3388 1236 3453 Wssul·

142 3475 302 3555 rescripsit
320 3464 474 3552 Τήλεμον,
493 3471 676 3529 assentiente
688 3472 810 3533 Belino.
835 3470 885 3528 De
900 3471 1029 3529 Telemo
1043 3472 1114 3537 vid.

140 3548 270 3621 Homer.
291 3560 323 3615 in
346 3557 407 3618 Od.
433 3556 581 3613 'l'lreoerit
601 3554 692 3630 ldyll.
713 3554 769 3618 Vl.
792 3573 823 3618 v.
846 3570 897 3617 21.
915 3554 1021 3635 ibique
1046 3554 1157 3622 Schol.
1174 3552 1237 3617 Adi.

147 3643 238 3703 Ovis.
256 3643 380 3700 Metam.
396 3640 488 3700 Xlll.
502 3659 532 3700 v.
548 3656 618 3717 77¹·
639 3639 707 3696 Brr.
823 3666 826 3671 ·
1017 3660 1021 3665 ²

229 3726 307 3786 ibid.
331 3718 501 3800 Πολύϊδον)
524 3720 614 3783 conf.
630 3742 723 3803 supra
739 3721 778 3782 de
794 3722 865 3781 Salt.
881 3721 977 3801 (1.49.
999 3720 1055 3783 ubi
1070 3720 1239 3807 qupqtissit

59 3828 62 3837 ·
147 3809 304 3870 scribitur.
326 3808 443 3869 Rnrrz.
1002 3834 1007 3849 ·

230 3894 316 3969 Pag.
347 3889 413 3952 145.
437 3892 457 3950 l.
488 3910 513 3949 1.
541 3885 602 3962 Ὡς
623 3885 859 3969 ὑποσχομένων)
898 3886 1241 3971 Locuscorrupeusir

143 3977 238 4055 impr.
253 3969 311 4056 οὐχ
325 3968 369 4045 οἷς
385 4020 393 4037 .
408 4021 416 4037 .
434 4018 442 4034 .
457 3974 490 4034 111
505 3976 559 4034 W.
576 3975 664 4033 deest
681 3972 754 4057 οὐχ,
776 3984 807 4032 et
818 3994 835 4032 a
848 3973 1025 4033 recentiore
1047 3994 1148 4035 manu
1166 3988 1241 4053 sup!

145 4060 310 4122 inductum
330 4052 384 4131 οἷς.
410 4060 518 4119 Donec
540 4058 655 4139 aliquid
673 4060 783 4120 melius
797 4056 994 4135 inveniatur.
1005 4056 1078 4118 delo
1092 4060 1178 4123 illud
1190 4046 1242 4139 sip
