2506 4672
101 268 177 349 584
374 244 932 345 auuorrr‘ronns
1006 258 1014 265 ’

106 476 165 549 τοῦ
181 474 251 557 νεώ,
273 476 474 535 Exsiluerunt
489 475 633 553 stimplo
647 474 795 535 dracones
806 474 879 541 duo.
931 473 1087 537 Ita'alibi
1102 474 1132 535 A

106 565 239 645 phanes,
261 569 294 621 et
310 561 340 619 ei
360 556 548 636 synchronos
573 560 772 637 Euripiden·
796 560 900 637 Atque
924 559 973 617 ita
995 559 1132 639 legisse:

109 658 241 728 pretem,
261 644 354 705 fidem
366 643 477 701 senerit
489 643 556 721 ejus
570 644 681 703 versio.
719 641 775 702 sto
790 643 873 701 enim
892 640 1015 703 habet:
1046 644 1131 703 Ano

111 734 153 791 lis
166 751 283 810 quoque
302 747 406 784 eorum
423 725 575 803 adsuetos
588 746 769 785 coneursum
783 737 837 785 est.
859 724 971 793 Vides,
993 726 1132 803 lantoni

111 825 180 877 tum
194 809 409 890 interpolatori
430 808 540 867 debeat
560 811 722 888 interpres.
764 807 849 885 Quid
870 809 896 867 si
918 808 1077 895 libellum
1098 812 1132 871 ali

112 899 226 977 absque
237 896 301 955 ullo
316 892 393 952 duce
404 891 672 969 interpretandum
683 892 888 970 suscepisset?
908 892 1044 959 Fauna.
1088 888 1132 958 Ἑ,

113 978 288 1060 βακτηρίας
302 967 392 1057 ᾖξαν)
414 976 465 1033 Sic
479 974 562 1035 edidi
584 996 625 1033 ex
646 979 675 1035 J.
695 985 727 1035 et
747 976 843 1037 Febr.
868 974 955 1037 Nam
980 988 1037 1039 est
1059 979 1132 1043 aba

115 1064 208 1125 conf.
221 1083 311 1143 supra
324 1061 377 1116 Bis
390 1059 499 1117 Aecus.
523 1080 551 1120 c.
565 1058 595 1119 6.
618 1056 668 1126 ini
682 1052 740 1135 τὴν
750 1052 856 1138 πήραν
867 1052 1051 1135 οἷῖξαντες..
1079 1062 1132 1123 Nn

113 1147 273 1225 vulgatum
286 1136 373 1218 ᾖξαν,
391 1140 473 1219 quod
489 1151 654 1215 verterant,
673 1143 718 1201 ad
727 1143 832 1221 justes
848 1164 1047 1207 coneursum
1059 1160 1132 1225 serp

7 1238 11 1247 '
116 1250 159 1289 no
173 1226 298 1289 defendi
313 1232 431 1303 potest,
452 1232 485 1282 et
497 1228 601 1283 venire
615 1226 660 1284 ad
672 1245 793 1298 manua,
807 1226 882 1299 tela,
903 1226 1041 1289 Latinis
1055 1249 1095 1289 ao
1108 1230 1132 1290 G

117 1313 265 1372 usitatum
287 1309 404 1369 fateor:
431 1315 532 1365 tamen
553 1309 625 1387 quia
645 1309 747 1367 norist.
770 1302 828 1384 ἦξα
848 1311 886 1369 ab
906 1302 978 1386 ἥκω
1000 1311 1090 1373 milii
1112 1335 1132 1394 q

118 1403 295 1474 suspectus,
324 1412 361 1450 eo
377 1391 471 1468 magis
487 1391 618 1461 alterum
634 1384 769 1470 arripui(
796 1384 902 1457 Ἠνον
919 1403 955 1453 et
976 1398 1132 1473 praeterit

118 1476 367 1558 frequentissimo
389 1473 512 1554 quidem
533 1474 567 1533 in
583 1494 660 1544 usu,
681 1484 713 1533 st
724 1468 782 1551 ἦξα
794 1476 930 1537 nondum
944 1481 1078 1543 notavi.
1120 1482 1132 1541 'r

141 1562 202 1622 uod
215 1563 361 1638 majorem
375 1558 523 1636 impetum
533 1567 623 1637 atque
637 1560 824 1619 iracundiam
838 1550 1131 1641 significet-simos,

119 1669 208 1723 ηνω,
241 1644 378 1721 adeoque
397 1640 449 1700 hio
470 1640 578 1721 aptius.
636 1641 773 1701 Eandem
793 1644 832 1702 ob
855 1642 1001 1723 caussam
1020 1650 1132 1707 Perias

120 1730 246 1791 Aeliam
262 1728 303 1790 V.
318 1726 358 1785 H.
373 1725 431 1786 ΙΙΙ.
445 1746 472 1787 c.
488 1730 539 1786 42.
556 1723 580 1787 f.
602 1723 652 1791 int
665 1718 723 1797 soie
739 1726 771 1800 ἔξ
783 1718 977 1809 α’ρχῆςῇξαν
999 1740 1132 1812 ruotop

119 1812 160 1875 lit
173 1832 214 1871 ex
231 1811 291 1870 Ms.
306 1829 376 1868 eum
392 1808 443 1867 alii
456 1828 577 1888 quoque
592 1801 669 1892 ᾖξαν
681 1810 719 1867 ab
732 1804 796 1885 ἥκω
813 1811 975 1892 habereut.
1011 1812 1132 1877 Confer

120 1896 224 1974 Fugit.
242 1915 270 1957 c.
287 1893 315 1958 6.
330 1895 427 1972 Supra
442 1894 575 1957 Demon.
590 1914 617 1953 c.
633 1897 664 1954 li.
679 1896 727 1969 pr.
738 1887 875 1967 ἆνίπτονς
889 1914 922 1975 ys
937 1898 1020 1961 noni
1033 1892 1123 1980 πρδς

21 1988 25 1995 ’
122 1970 205 2065 ᾖξεν,
219 1978 273 2039 abi
287 1988 373 2037 certe
385 1971 458 2056 ἧξεν
470 1977 573 2036 locum
586 1976 642 2055 vira
656 1976 793 2041 haberet.
815 1977 877 2037 Sed
891 1991 1054 2065 punctum
1072 1986 1132 2045 sub

123 2071 157 2121 et
169 2063 233 2121 illio
247 2082 357 2139 operae
373 2062 450 2121 male
465 2062 612 2125 omisere:
634 2059 715 2142 quod
728 2062 762 2119 in
775 2062 886 2121 talibus
898 2060 1053 2143 addendo
1068 2068 1132 2127 leet

122 2136 306 2220 emendare.
328 2165 389 2203 non
409 2153 546 2203 meretur
564 2165 677 2204 nomen
696 2146 884 2220 mutationis;
912 2146 1064 2229 adeoquo
1078 2144 1132 2213 nili

122 2229 323 2291 minabuntur
338 2230 475 2306 vulgatae
488 2231 618 2306 patroni.
641 2229 754 2289 Retia.
821 2252 824 2257 ·

208 2312 286 2373 ibid.
315 2304 449 2386 Ἠιξαν)
480 2315 515 2371 Τ.
534 2313 634 2371 Fabri
654 2312 894 2372 emendationem
915 2313 1036 2377 lubens
1054 2320 1132 2401 amp]

124 2394 271 2458 mendose
288 2398 322 2454 in
341 2400 440 2458 Amat.
455 2395 512 2454 Ed.
528 2397 723 2473 impressam:
757 2416 827 2455 cum
850 2396 932 2457 enim
951 2400 990 2460 in
1010 2408 1132 2471 omnibi

123 2479 256 2543 Luciani
270 2480 423 2559 impressis
436 2473 514 2554 ἧξαν
529 2481 692 2552 inveniret,
712 2470 790 2562 ᾖξαν
802 2481 943 2540 restitnit
957 2484 998 2543 ab
1013 2480 1125 2553 οἷΐσσω

123 2562 160 2623 in
172 2566 200 2623 Ι.
214 2563 271 2623 Ed.
286 2566 344 2623 nisi
359 2585 407 2623 me
424 2564 505 2623 oculi
518 2563 638 2639 fallunt,
654 2564 746 2622 etiam
760 2572 871 2624 exstat.
891 2562 967 2629 Vid.
980 2571 1072 2648 apud
1087 2570 1132 2631 Ns

123 2647 226 2724 ipsum
246 2649 300 2706 Bis
324 2648 397 2706 Aeo.
419 2669 487 2726 cap.
509 2643 537 2708 6.
562 2643 614 2709 ini
635 2641 691 2724 τήν
711 2642 817 2728 πήραν
835 2641 999 2723 diffiteare·
1020 2663 1059 2713 et
1072 2654 1132 2715 Ner

71 2759 77 2765 ·’
127 2732 202 2809 quin
224 2730 324 2809 Fugit.
343 2732 372 2796 6.
391 2732 435 2791 ita
456 2734 548 2791 etiam
568 2732 602 2791 iu
628 2733 669 2795 V.
683 2731 855 2810 2.legitur;
883 2733 938 2793 ubi
952 2735 1033 2797 vids
1052 2750 1132 2801 non

124 2823 229 2875 stram.
248 2814 368 2877 somn.
727 2814 731 2819 ’
756 2880 759 2885 ,

210 2894 279 2960 eisd.
293 2898 314 2957 l.
335 2899 381 2962 16.
414 2891 505 2980 Πρδς
522 2894 684 2982 ἆνίσχοντα
707 2892 762 2963 tir
782 2890 870 2976 ἥλιον
893 2892 1132 2984 donandum

127 2979 260 3058 gendum
278 2991 325 3041 est
347 3004 426 3042 voce
447 2986 536 3042 unica
558 2982 816 3065 προςανίσχοντα,
834 2983 867 3042 id
882 2986 966 3043 enim
983 2992 1132 3065 postulat

130 3056 314 3137 anissonios.
339 3068 529 3149 Προςανέχω
543 3077 574 3128 et
588 3071 794 3149 προςανίσχω,
813 3070 907 3131 orior.
941 3068 1041 3131 Prius
1063 3074 1132 3135 inu

128 3148 271 3220 Suidam,
295 3153 347 3229 qui
364 3153 579 3235 npoeans'pnsu
593 3154 687 3211 vortit
700 3172 755 3229 per
770 3150 913 3234 ἐξέχοντν,
929 3152 986 3231 qui
1000 3154 1097 3217 loeus
1113 3182 1132 3219 a

127 3231 209 3290 male
221 3234 393 3294 intellectus
409 3245 464 3293 est.
506 3235 697 3295 Vertendum
711 3235 794 3293 enim
808 3236 910 3295 iuerat
924 3241 1132 3326 προςανίοχοτ

130 3322 187 3386 est,
210 3321 331 3393 orienti,
352 3330 387 3378 ut
401 3312 475 3402 ἕξεί
488 3310 591 3400 oipi't’
603 3313 680 3396 ἥλιε.
720 3317 813 3397 Apud
832 3317 964 3379 eundem
989 3322 1132 3386 Suidam

129 3403 272 3478 sequenti
294 3403 361 3480 lego
385 3407 475 3462 unica
495 3424 571 3464 voce
602 3403 847 3486 προςᾳνῖσχοντα
872 3397 982 3480 ἥλιον,
1013 3401 1132 3474 ᾰνατέλ

133 3481 235 3556 Quem
257 3486 359 3545 locum
384 3508 449 3547 esse
470 3487 601 3546 Luciani
622 3499 716 3566 puto,
743 3486 825 3545 huno
844 3486 963 3566 ipsum,
1001 3488 1132 3573 inquam

130 3583 213 3623 nunc
234 3570 322 3629 nobis
346 3572 379 3633 in
400 3573 539 3631 manibus
558 3581 615 3633 est.
635 3574 753 3633 Fauen.
802 3562 934 3630 iubebat
953 3572 1069 3637 Satan.
1096 3598 1132 3637 ee

129 3646 282 3725 Necyom.
298 3675 362 3733 cap.
373 3676 400 3731 7.
415 3658 469 3715 ubi
483 3655 606 3737 quidem
620 3656 854 3731 ἤρξω-ἕωθεν
864 3646 945 3735 πρδς
959 3648 1132 3726 druidum

132 3726 219 3807 ἥλιον
238 3732 327 3814 ῥῆσίν
349 3764 418 3802 τινα
439 3732 563 3820 ponpis
589 3739 752 3818 ἐπιλέγων,
786 3738 938 3817 videoque
958 3738 1046 3805 Edd.
1076 3764 1132 3807 nm

38 3839 42 3845 ·
130 3820 624 3902 npoeuvuzs'iioieacoinjungere3
652 3824 705 3881 sed
725 3824 804 3881 male
825 3824 979 3901 proiecto.
1022 3824 1132 3887 Utruu

131 3897 186 3958 hio
203 3907 451 3986 προςανίσχοντα
472 3908 655 3967 curiliano
672 3906 913 3965 connectendum
927 3906 988 3975 sit.
1009 3898 1132 3973 dubito.

133 3984 241 4044 saltem
257 3986 341 4044 illico
356 3991 388 4046 iil
403 3991 497 4050 facio:
524 3990 582 4050 etsi
602 3989 720 4071 phrasis
737 3988 789 4049 hio
804 3990 907 4069 paullo
923 3990 1002 4067 alia,
1023 4002 1058 4051 et
1068 3986 1132 4059 ἄσῃ

133 4074 195 4135 θαι
220 4064 299 4153 πρός
318 4066 404 4148 iiiios
424 4075 489 4136 sine
502 4075 649 4154 subjecto,
675 4074 838 4159 quod-quis
851 4070 970 4151 adorat,
987 4076 1132 4143 salutm
