2506 4672
63 592 66 603 '
133 578 261 640 Gerar.

133 285 214 360 Sffi'
321 269 1000 359 '‘sononsrsoree:

85 460 88 473 '
158 543 161 550 ,
192 480 287 556 ιιι.
303 487 324 548 t.
342 509 372 583 ρ.
401 480 577 570 (τινοιν)
605 488 741 550 suetan
765 488 814 563 a,
841 487 946 591 οορι,
966 489 1108 571 iniquit
1130 490 1246 556 simin.

208 659 286 718 ead.
300 655 321 714 l.
341 674 389 717 ιο.
404 652 477 721 ’Ἔτι
490 657 542 720 καὶ
561 655 707 738 δείγματα
731 653 916 732 ἕπτδτικνός)
935 652 1010 720 ’Ἔτι
1029 661 1086 725 καὶ
1102 656 1247 742 δήγματα

134 748 182 810 ἐπ.
210 742 436 802 Morsiunculas
458 762 570 818 nempe
596 744 770 806 alectorias,
799 744 946 807 Manen..
987 745 1135 804 Probavit
1163 747 1247 805 hanc

133 831 260 910 probam
277 827 483 901 conjecturam
493 824 624 882 Belinns
640 826 677 882 in¹
687 837 752 889 not,
762 819 993 901 adversionem,
1002 838 1035 885 et
1047 829 1248 890 confirmavit

135 913 244 972 Codex
267 912 356 970 Gorl.
389 909 533 966 Ceterum
558 918 725 987 perpetuae
749 912 969 971 vocabulorum
992 910 1112 993 δῆγμα,
1134 916 1246 995 δεῖγμα

95 1068 98 1073 ⁴
133 1007 167 1057 et
181 998 272 1076 δεῖμα
291 993 480 1052 contusionis
504 996 680 1071 exemplum
698 993 776 1053 'vide
799 995 881 1057 Gall.
906 1015 933 1053 c.
950 998 999 1056 25.
1013 998 1121 1076 ibique
1139 1000 1246 1059 adnot.

134 1076 430 1157 Tom.v12p.ss52.
454 1077 563 1136 Lenis.
1069 1107 1071 1111 ·
1182 1120 1185 1125 -

218 1165 289 1225 ead.
303 1164 325 1226 l.
343 1162 389 1223 16.
417 1158 524 1222 Ταῦτα
535 1158 593 1223 isal
611 1152 711 1240 λόγοις
727 1158 954 1244 διηγουμένοιδ)
979 1160 1086 1243 Ταῦτα
1106 1165 1163 1228 καὶ
1177 1172 1247 1231 λοι·

111 1251 214 1321 'troie
240 1249 383 1306 Marcu.
434 1244 638 1323 Aequiescere
658 1245 761 1303 ¹facile
787 1247 904 1306 licebit·
922 1251 955 1308 in
980 1250 1104 1328 vulgato
1130 1243 1248 1331 λόγοις.

133 1334 207 1393 Non
222 1333 313 1413 enim
321 1324 528 1388 molestiorem
544 1325 595 1385 hte
611 1329 711 1386 sentio
735 1330 969 1407 pleonaunnm'‚¹
982 1342 1072 1412 quam
1094 1335 1180 1393 inira
1194 1337 1246 1395 De

132 1418 238 1476 Domo
259 1435 324 1493 cap.
341 1431 391 1472 21.
414 1413 447 1471 in
472 1411 606 1471 formula
626 1409 820 1492 γράψασθαι
837 1413 882 1498 eq'i
904 1409 1003 1497 λόγῳ,
1031 1429 1062 1477 et
1079 1420 1250 1489 similibus.⁴

132 1499 258 1560 Redde:
280 1497 391 1556 eadem
416 1499 512 1553 etiam
544 1498 780 1554 narrationibus
810 1512 1004 1575 exponentes.
1044 1503 1245 1567 Referunlur

133 1586 216 1643 enim
236 1582 327 1652 liaeo,
346 1583 378 1640 ni
398 1579 506 1652 fallor,
529 1579 568 1638 ud
591 1580 804 1659 praecedentia
820 1578 984 1665 δήγματα,
1003 1586 1181 1667 testimonia
1196 1588 1245 1650 rei

133 1670 171 1729 ad
196 1668 332 1743 ejusdem
350 1665 442 1742 signa.
463 1664 573 1725 Lenos.

216 1759 302 1829 Peg.
316 1749 365 1809 26.
379 1752 400 1810 l.
416 1745 448 1808 4.
472 1743 552 1813 Οόδδ
566 1741 627 1828 γοῖρ
646 1739 729 1811 uina
746 1751 822 1830 etc.)
840 1750 951 1812 Utitur
972 1764 1003 1814 et
1017 1754 1162 1835 Aleiphr.
1179 1753 1241 1835 III.

123 1835 192 1914 ·Ep.
208 1840 260 1908 47.
280 1834 334 1896 lin.
361 1834 526 1892 verborum
549 1833 660 1891 ordine
684 1835 773 1893 aliter
796 1835 961 1914 collocato,
983 1834 1054 1903 οὔτε
1075 1835 1135 1922 peip
1158 1835 1244 1904 κύων

36 1930 53 1950 ·’
131 1919 352 1999 σκυτοτραγεῖν
373 1912 525 1997 μαθοῦσα
545 1913 602 1992 τῆς
622 1918 734 1999 τέχνης
762 1914 952 1996 ἐπιλήσεται·
974 1926 1031 1993 ubi¹
1047 1927 1188 2005 Bergler.
1210 1934 1244 1987 et

130 2004 208 2069 haec
221 2005 362 2062 Luc-iani
374 2002 474 2074 addit,
496 2011 597 2058 cetera
609 2004 647 2059 ad
665 2004 830 2062 Erarmn'm
845 2010 1016 2069 remittens.
1029 2008 1155 2086 ⁸Rnrrz.
1220 2016 1239 2063 ’.

219 2087 296 2147 ibid.
315 2085 558 2165 Σκυτοτραγτῖυ)
579 2085 783 2146 Proverbimn
798 2088 857 2146 hec
873 2093 1023 2168 expressit
1036 2096 1115 2152 Hor.
1129 2095 1199 2157 Sat.
1212 2094 1243 2154 5.

130 2172 228 2236 LII.
255 2190 287 2230 v.
316 2172 345 2231 8.
385 2170 427 2226 Ut
448 2173 539 2241 oanis
560 2188 580 2226 a
602 2173 686 2226 corio
707 2192 868 2251 nzannnns
891 2174 1112 2234 absterrebitur
1133 2191 1241 2248 namo.

114 2258 249 2317 ..soem
295 2244 685 2328 cf.Theocrn„1dylt.X,
710 2273 757 2315 ιι.
779 2257 883 2335 ibique
898 2257 1082 2318 Commentt.
1106 2262 1219 2321 Lunai.

156 2369 164 2383 ¹
214 2339 285 2400 aad.
299 2338 322 2398 l.
336 2354 385 2417 γλ.
407 2329 643 2416 ’βνδιατρλβειὼ
680 2339 820 2399 Sumitur
834 2341 885 2421 liic
903 2363 960 2421 pro
976 2344 1151 2422 celebrare,
1172 2350 1246 2406 vir-⁴

58 2486 61 2493 ,
129 2440 211 2488 tutes
226 2416 367 2494 laudare,
386 2423 433 2481 uti
448 2421 498 2479 De
513 2424 606 2482 llom.
622 2441 736 2499 capa.
752 2433 805 2484 aut
825 2426 925 2503 potius
935 2426 1075 2506 palpare,
1093 2439 1128 2487 ut
1143 2430 1239 2495 Alex.

128 2530 203 2593 esp.
217 2510 270 2571 33.
289 2508 410 2568 Sonam
457 2508 595 2584 Palpere
610 2506 690 2589 ¹quid
714 2499 772 2578 iit,
800 2509 918 2586 ignoro.
953 2511 1240 2590 Suspicnr'autem,

113 2580 281 2656 ,Silanum
293 2590 506 2651 recordantem
524 2608 629 2649 versus
648 2593 826 2649 Horatinni
843 2593 954 2666 (Serm.
974 2595 1014 2668 Il,
1034 2616 1061 2672 1,
1077 2601 1151 2673 20.)

256 2676 317 2737 Cui
339 2675 419 2734 male
440 2675 467 2732 si
489 2674 631 2752 palpere,
660 2676 837 2734 recalcitrat
860 2680 1107 2757 undique-tutus.

127 2762 170 2824 de
182 2764 279 2824 verbo
293 2761 426 2838 palpari
439 2759 596 2841 cogitasse.
622 2759 777 2819 Nimirum
794 2760 998 2842 ἐνδιατρίβειν
1012 2768 1238 2831 srvi-Lucieno

126 2849 196 2909 iere
212 2858 268 2915 est,
280 2865 350 2903 cum
367 2843 514 2919 singulari
528 2843 629 2900 studio
641 2853 672 2901 et
687 2860 801 2918 amore,
809 2845 860 2917 vel
874 2866 942 2915 cum
958 2849 1114 2927 voluptate
1129 2872 1165 2911 ao
1179 2854 1240 2914 de-

126 2933 301 2997 lectatione.
317 2929 369 2987 vel
385 2927 526 3005 denique,
541 2935 577 2984 ut
592 2927 623 2989 b.
639 2929 669 3001 l.,
691 2928 724 2985 in
739 2931 848 2987 inulam
865 2923 992 3009 partem,
1007 2933 1180 3011 explendae
1194 2938 1240 2997 li-

128 3017 243 3077 bidiois
259 3024 289 3073 et
300 3010 428 3072 ludibrii
444 3030 558 3084 caussa,
577 3013 668 3070 alicui
675 3013 723 3070 rei
732 3014 782 3072 vel
797 3012 916 3073 bomini
931 3016 1046 3075 diutius
1059 3018 1239 3099 immorari3

127 3100 196 3160 sich
213 3100 270 3158 mit
283 3092 459 3156 lemandem
477 3096 566 3153 einen
580 3096 669 3172 Spass
683 3095 823 3159 machon.
865 3099 903 3157 In
922 3101 1031 3160 bonam
1052 3112 1172 3182 partem
1195 3106 1238 3167 de

127 3185 248 3244 amasiis
264 3181 438 3243 absentibus
453 3179 516 3238 vid.
533 3179 622 3255 Nigr.
640 3201 664 3238 c.
683 3198 713 3256 γ.
735 3181 846 3244 Lenes.
870 3191 872 3201 '
937 3256 940 3265 Ι

213 3267 283 3328 aad.
296 3266 320 3328 l.
340 3266 387 3327 ils.
422 3255 667 3337 Ἀντισθένους)
693 3265 820 3325 Periere
842 3266 918 3326 lineo
938 3269 1057 3340 omnia,
1079 3291 1141 3331 non
1155 3274 1237 3337 mala

127 3361 241 3420 tamen,
264 3351 290 3408 si
304 3351 365 3409 rite
378 3348 429 3408 hic
446 3368 516 3406 cum
531 3347 696 3406 Platonicis
711 3362 922 3414 recensentur.
944 3355 1064 3413 Sonare.

104 3478 114 3491 ,
212 3435 279 3494 ead.
298 3434 384 3497 ].15.
413 3424 605 3513 Ἀντιλόχου)
622 3433 739 3491 Forsan
761 3425 956 3519 Ἀρχιλόχου.
981 3439 1112 3504 Gerar.
1147 3438 1237 3505 Idem

125 3519 329 3598 adscripscrat
351 3519 441 3576 etiarn
466 3520 517 3575 La
536 3518 637 3576 moze.
666 3517 779 3582 Rerrz,
827 3524 907 3578 Sane
930 3523 1143 3583 Archilochus
1161 3546 1236 3589 cum

124 3607 332 3680 Hipponactis
347 3603 456 3661 melius
472 3604 675 3673 convenerit,
704 3622 794 3680 quam
817 3605 956 3680 ignotum
971 3609 1136 3667 Antihschi
1153 3611 1238 3671 scri-

124 3690 225 3767 ptoris
247 3707 367 3746 nomen.
409 3685 476 3744 Nec
503 3684 723 3761 improbabile,
745 3689 865 3764 priores
883 3688 956 3746 ditas
973 3691 1104 3766 syllabas
1118 3697 1152 3753 in
1171 3716 1234 3757 nc-

123 3772 210 3829 mine
230 3771 353 3847 vulgato
376 3791 393 3827 e
419 3769 570 3848 principio
594 3770 726 3827 nominis
753 3772 949 3830 Antisthenis
967 3773 1059 3831 facile
1084 3764 1234 3859 oritipo·

125 3855 236 3923 tuisse,
272 3873 327 3931 per
349 3854 540 3912 oscitantiam
557 3854 706 3931 quandam
722 3854 858 3927 librarii,
888 3856 975 3935 eujus
990 3854 1072 3916 haud
1083 3868 1160 3923 'rara
1175 3863 1235 3925 de·-

125 3934 362 4017 prehenduntur
385 3937 523 4013 vestigia.
581 3936 791 3995 Nihilominus
813 3940 962 3997 Belinnm
992 3960 1103 4001 censeo
1128 3950 1235 4025 paullo

122 4021 266 4095 audacius
280 4025 385 4096 egisse,
408 4022 459 4098 qui
479 4018 660 4077 Archilochi
672 4035 786 4080 nomen
805 4023 838 4081 in
855 4024 1026 4082 versionem
1045 4046 1129 4086 suam
1146 4030 1233 4101 reci.

54 4113 57 4119 “
122 4125 198 4187 pere
214 4107 489 4173 nondubituverit.
525 4104 679 4184 Equidem
698 4115 802 4179 certe,
823 4107 850 4166 si
872 4108 938 4187 ejus
958 4112 1137 4192 exemplum
1161 4118 1232 4179 sine
