2506 4672
30 302 34 309 -
134 249 212 327 tso
412 234 967 368 sunoraurottur

128 480 196 546 ¹qna
208 458 340 521 Srhoiia.
380 458 477 521 Itecte
495 480 571 522 vero
582 456 893 545 Kuptsipin'doetiniri
911 466 1126 534 emendarunt.
1165 468 1242 532 Non

133 558 184 609 est
198 548 319 620 venus,
338 545 392 604 sed
407 566 512 624 magna
525 557 637 621 mater,
660 548 795 626 Cybele,
821 554 900 630 quae
911 561 944 611 et
956 553 1085 614 Graecis
1100 565 1134 616 et
1148 554 1242 615 Lati-

134 633 184 692 nis
208 627 326 710 Cybebe
347 629 471 688 dieitur.
511 630 591 689 Nam
611 640 644 689 et
663 632 697 690 in
710 633 980 711 inscriptionibus,
1008 636 1089 697 etin
1106 640 1241 719 antiquis

135 716 337 785 membranis,
358 713 403 771 sie
422 714 610 791 appellatur,
632 724 668 774 ut
687 717 768 794 apud
790 716 962 780 Phaedrum
981 719 1016 780 in
1036 720 1153 782 Codice
1167 724 1241 782 'Re-

135 800 249 866 nseusi,
267 806 300 856 ut
313 798 387 856 olim
406 796 480 856 mihi
496 799 630 858 ostendit
655 799 705 860 vir
719 799 868 880 dignitate
889 810 921 862 et
938 800 1077 865 doctrina
1100 808 1240 881 praecel-

58 952 65 966 .
134 884 203 944 lens
225 878 436 965 Marquarelus
464 880 593 953 lindius,
621 883 672 961 qni
695 887 759 962 regi
786 885 904 946 llaniae
926 891 1166 954 estaconsiliis.
1208 892 1240 950 Is

133 969 246 1038 etiam,
279 966 455 1044 ubicunque
479 961 591 1046 Cybele
613 966 732 1044 legatur
756 969 838 1047 apud
858 970 964 1048 politas
983 973 1117 1031 secunda
1136 976 1239 1053 longa,

134 1061 190 1111 aut
205 1046 328 1131 Cybelle
350 1058 510 1127 corrupte,
530 1049 620 1109 libris
640 1052 774 1131 antiquis
791 1054 984 1125 auctoribus,
1004 1058 1237 1119 rescribendum

111 1206 114 1211 ι
133 1136 265 1195 affirmat
282 1129 417 1214 Cybebe,
435 1144 486 1192 aut
504 1129 620 1191 Cubebe
629 1155 641 1200 ,·
670 1134 752 1212 quod
769 1136 980 1210 verissimum,
1002 1149 1034 1199 et
1046 1139 1079 1199 in
1095 1140 1236 1199 Pruden-

134 1220 179 1277 tio
193 1223 252 1295 iarn
269 1216 444 1279 emendavit
462 1213 613 1276 Nicolous
629 1216 777 1281 Heinsius.
811 1221 907 1280 illius
926 1232 1028 1283 autern
1052 1222 1103 1283 hic
1125 1227 1236 1286 ruenti-

51 1376 54 1381 ,
87 1376 90 1381 ἡ
132 1305 182 1363 nit
197 1311 324 1383 propter
335 1304 400 1377 ejus
413 1321 547 1361 amorem
561 1321 631 1381 arga
646 1304 751 1376 Attin,
777 1312 808 1362 et
827 1304 899 1384 quia
920 1305 1117 1367 lascivissimis
1132 1310 1236 1373 fertur

132 1388 245 1460 fuisse,
268 1397 303 1444 ut
318 1386 383 1466 ipse
401 1383 554 1444 Lucienus
574 1387 607 1446 in
623 1385 750 1466 dialogis
771 1386 912 1448 Deorum
926 1391 1084 1451 indicavit.
1107 1392 1234 1455 Graan.

215 1496 290 1558 ibid.
321 1491 514 1578 Πανδήμου)
547 1497 773 1578 Xenophontem
798 1501 869 1560 audi
894 1524 1025 1584 συμποο.
1051 1504 1090 1586 p.
1105 1505 1152 1568 St.
1172 1506 1233 1571 Ed.

126 1585 206 1646 dau.
224 1586 262 1645 t..
278 1602 305 1661 g.
319 1616 361 1628 -—
375 1584 486 1663 Elpis
500 1576 626 1662 οὖυμίο
641 1584 724 1647 ἐστίν
736 1576 924 1664 Ἀφροδίτη,
944 1585 966 1664 ἢ
980 1589 1095 1664 uenat,
1123 1584 1234 1672 obpe-

132 1674 184 1735 siu
206 1693 238 1732 τε
259 1668 312 1732 eol
336 1664 522 1746 Πάνδημος,
546 1663 601 1732 orie
624 1665 693 1732 οἶδα
707 1702 750 1714 -·
766 1666 847 1750 dupe
864 1673 971 1751 μέντοι
991 1675 1086 1755 χωρίς
1099 1676 1232 1757 ἑκατέρᾳ

126 1756 235 1835 ’βωμοί
247 1779 279 1816 τε
295 1754 355 1816 eloi
368 1755 422 1814 καί
435 1753 506 1815 ναοί
519 1754 572 1814 ’καί
589 1756 718 1829 θυσίαι,
737 1751 776 1841 τῇ
791 1753 846 1834 pls
864 1755 1022 1839 Παυδὴμῳ
1044 1755 1233 1841 ῥαδιουργό-

130 1832 228 1919 tipus.
248 1835 290 1922 τῇ
302 1831 334 1901 δ’
354 1832 494 1918 Ου’ρουίᾳ
508 1831 682 1918 dyrbrspnt,
705 1835 787 1901 οίδο.
828 1836 879 1898 De
893 1843 979 1919 cujus
996 1844 1110 1921 templo
1129 1844 1230 1903 Aute-

128 1926 177 1983 nis
194 1925 266 1982 vide
281 1918 390 1983 Athen.
403 1922 493 1983 XIII.
506 1942 535 2000 p.
552 1923 624 1998 569.
642 1922 759 1981 Confer
775 1930 807 1981 et
823 1920 970 1983 Nostrum
987 1924 1082 1991 Diall.
1096 1925 1222 1987 Meretr

129 2008 200 2072 VII.
216 2017 247 2065 et
263 2003 421 2065 Demosth.
436 2004 565 2067 Enconr.
581 2026 608 2070 c.
628 2007 673 2064 rb.
698 2002 818 2067 Sorae.
1219 2046 1225 2053 ·

213 2104 289 2168 ibiel.
312 2098 401 2185 Πρός
420 2094 609 2183 Πανδήμου,
639 2101 692 2167 καί
706 2107 881 2178 Ferreoli.)
907 2106 1044 2172 Eandem
1058 2111 1120 2175 vim
1136 2107 1230 2178 hebet

129 2185 207 2253 haec
221 2192 404 2262 obtestatio,
435 2208 489 2246 seu
509 2189 728 2265 adjurationem
746 2190 850 2264 malis,
879 2212 968 2271 quam
982 2195 1015 2253 in
1032 2198 1134 2256 libello
1150 2220 1230 2260 cou-

128 2285 178 2335 tra
198 2274 358 2334 Indocturn
380 2292 446 2351 rap.
468 2271 498 2334 5.
520 2272 573 2331 illa
593 2266 925 2336 Libanitt'dis'meniio.
969 2278 1100 2338 Videtur
1124 2286 1228 2347 autet'n

71 2371 74 2378 '
102 2406 104 2415 .
130 2359 222 2421 etiam
235 2357 412 2438 Tarerpttlr
429 2376 535 2435 parum
550 2354 680 2417 honesta
700 2356 761 2437 jain
775 2355 988 2437 Aristophanis
1002 2373 1101 2422 aetate
1118 2365 1228 2444 fuisse,

5 2434 14 2447 '
106 2444 217 2522 gajus
236 2442 302 2502 loca
315 2445 376 2522 jans
391 2440 510 2499 laudata
528 2439 687 2511 Graevius
709 2441 797 2501 Hanc
822 2440 918 2521 ipsam
942 2444 982 2503 ob
1008 2466 1144 2509 caussam
1169 2473 1229 2511 au·

128 2547 180 2587 sus
194 2545 261 2586 sum
277 2544 340 2585 non
356 2524 536 2585 Gerritricem
560 2522 612 2585 hic
634 2519 782 2602 reddere,
808 2524 891 2607 qrrod
914 2524 1076 2589 honestum
1100 2531 1228 2613 Romae,

126 2620 306 2677 adnutum
329 2630 392 2670 non
414 2628 681 2689 severum—numen
696 2617 761 2682 est,
793 2608 849 2669 sed
874 2608 1100 2673 Genitriculam.
1123 2617 1227 2680 Gran.

126 2692 200 2755 Non¹
214 2696 285 2754 satis
304 2694 412 2766 rideo,
440 2712 498 2751 cnr
518 2688 681 2753 articulum
705 2695 874 2753 necessario
897 2688 1045 2757 insertum
1073 2701 1148 2759 velit
1164 2699 1226 2760 So-

45 2774 51 2793 ‘
128 2777 191 2841 lan.
234 2778 313 2839 Nam
338 2779 370 2836 in
395 2776 441 2836 hir
464 2777 604 2836 formulis
627 2776 774 2837 articulus
792 2779 986 2858 frequentius
1012 2784 1113 2840 omitti
1131 2796 1224 2859 amat,

123 2856 162 2939 ut
177 2884 271 2946 supra
284 2860 397 2924 Bacch.
411 2882 439 2923 c.
454 2862 483 2924 5.
499 2853 574 2941 πρός
588 2861 748 2941 Χαρίτων.
773 2860 856 2921 inite
881 2883 908 2923 c.
925 2864 971 2924 ιδ.
997 2860 1077 2943 πρός
1092 2860 1225 2935 ’Anniu-

127 2952 198 3025 ὅσς’,
226 2947 506 3029 quaeadseveratio
524 2945 628 3003 eadent
649 2955 713 3019 est,
741 2954 833 3025 atque
847 2944 905 3004 hie.
932 2948 1013 3005 Dein
1029 2970 1094 3027 cop.
1111 2954 1160 3011 aii.
1177 2944 1240 3031 prs

20 3076 29 3085 .
56 3036 82 3050 ”
126 3028 323 3113 epicureis·
345 3032 423 3089 item
446 3048 472 3089 c.
495 3030 546 3090 28.
572 3022 650 3108 apic
671 3023 757 3092 θεῶν
769 3023 840 3091 elne'
846 3052 916 3108 μοι,
942 3040 973 3089 et
988 3052 1015 3093 ο.
1030 3034 1080 3094 31.
1103 3034 1126 3099 ί.
1146 3033 1223 3115 πρός

11 3116 15 3125 ’
124 3109 216 3190 Διός.
235 3120 281 3175 Αο
293 3115 383 3193 Dips.
397 3133 463 3190 cap.
483 3131 512 3192 9.
534 3107 612 3193 πρός
628 3115 747 3178 Φιλίου.
767 3113 809 3171 Et
826 3115 936 3173 crebro
951 3115 1034 3177 alibi.
1054 3119 1172 3179 Verum
1190 3130 1222 3181 et

126 3198 199 3261 addi
217 3192 371 3259 interdurn
390 3197 568 3269 articulum,
603 3199 670 3276 quis
683 3195 889 3256 infitiabitur'l
917 3216 986 3258 narn
1003 3211 1034 3259 et
1051 3204 1152 3280 paullo
1166 3223 1220 3263 su·

18 3328 23 3343 ·
125 3305 192 3371 pra,
214 3284 293 3344 Λᾶν.
312 3281 430 3345 Indoct
444 3301 472 3340 c·
486 3282 515 3339 3·
534 3274 613 3359 πρός
630 3280 685 3358 τῆς
700 3280 909 3361 Λιβανίτιδος.
931 3282 991 3343 Sed
1006 3285 1076 3345 ideo
1092 3287 1220 3348 nonin-

27 3442 36 3451 ·
124 3368 285 3438 serendus,
305 3367 357 3425 ubi
373 3366 409 3423 ub
425 3364 511 3423 libris
524 3367 618 3428 abest.
638 3367 752 3427 liarrz.

209 3467 283 3527 ibid.
304 3460 541 3545 Γενετυλλίδος)
576 3465 611 3524 ln
641 3465 668 3524 J·
692 3466 740 3525 uti
763 3465 797 3525 ln
814 3466 873 3526 Mu·
899 3467 956 3533 Gr.
982 3470 1218 3536 Γενετυλλίδων·

127 3572 217 3631 quam
234 3550 413 3632 scripturam
430 3553 544 3610 sciolus
558 3552 666 3630 aliquis
681 3550 851 3620 invexerit,
880 3556 931 3632 qui
951 3572 1019 3613 cnm
1034 3558 1139 3615 Amor.
1152 3577 1218 3636 rap.

41 3628 44 3635 ⁵
125 3640 178 3697 42.
200 3638 414 3708 Γενετυλλίδος
430 3635 540 3712 plurali
562 3654 690 3695 nurnero
712 3635 853 3711 legisset,
883 3646 915 3693 rt
938 3635 1042 3696 lticita
1057 3640 1217 3716 legendum

126 3738 192 3776 esse
205 3722 355 3778 credidit:
373 3721 425 3787 sed
438 3721 528 3796 lunge
543 3721 600 3777 alia
614 3722 694 3777 ratio
709 3728 770 3791 est3
787 3722 995 3799 servandaque
1008 3727 1133 3781 omnino
1150 3725 1219 3783 vul-

123 3806 358 3881 gata‚·quamvis
378 3803 548 3863 Pausanias
566 3805 655 3883 etiarn
670 3803 781 3882 plurali
796 3823 923 3862 numero
936 3802 1046 3863 habeat
1059 3824 1127 3884 pag.
1142 3825 1172 3886 a,
1187 3808 1217 3872 ὅ.

121 3888 241 3948 SOLANs

165 4028 168 4033 ·
199 3982 279 4067 ibid.
302 3981 456 4065 Κυδίβης)
479 3984 606 4066 Corrige
622 3976 778 4067 Κυβῆβής,
797 3983 924 4067 Hesych.
942 3979 1087 4066 Κυβήβη,
1108 3977 1132 4067 ἦ
1154 3981 1218 4070 μή.

123 4066 260 4157 ‘letitie
273 4066 368 4146 orbo,
389 4068 475 4147 καὶὴ
495 4067 673 4153 Ἀφροδίτη.
695 4074 870 4152 Depratate
894 4071 976 4151 apud
995 4071 1123 4155 fiesyrh.
1146 4084 1216 4141 Κ...
