2566 4644
120 254 195 341 ⁵66
396 270 983 335 inaurarro'use·

122 454 332 532 Christianos,
353 458 485 541 ideoque
499 470 531 522 et
548 458 765 540 Peregrinum,
785 440 918 521 miratur
930 456 1157 521 Wielandius.
1181 452 1244 516 Sed

121 535 218 607 idios
238 552 304 605 tum
326 545 474 623 temporis
497 565 516 603 a
528 546 697 623 gentilibus
719 542 903 605 orthodoxis
925 561 1025 621 aequo
1040 541 1115 623 jure
1129 538 1245 602 vocari

33 668 35 675 ,
122 627 280 700 solebant,
297 649 332 689 ao
350 628 480 704 gentiles
499 649 518 688 a
532 628 736 699 Christiania,
757 636 793 688 ut
812 620 941 706 Ephesii
954 645 972 684 a
984 624 1082 687 Panlo
1098 621 1245 703 apostolo

123 710 157 772 iu
171 708 270 788 Epist.
286 711 325 771 ad
339 711 454 790 Ephes.
467 713 507 787 11,
527 730 575 777 12.
595 714 774 793 priusquam
795 710 920 792 quidem
940 708 987 767 illi
1003 708 1041 769 ad
1058 706 1245 769 christiam

57 824 60 831 ·
124 812 209 861 sacra
224 794 428 855 accessissent.
451 794 589 859 Omnino
602 795 771 870 videndus,
793 794 847 875 qui
867 801 1009 859 accurate
1029 800 1062 851 et
1084 790 1194 855 docte·
1207 790 1245 849 do

123 876 268 937 vocabuli
291 872 391 951 ἄθεος
413 879 444 940 vi
467 890 499 938 et
521 882 684 941 usurario
705 880 785 956 egit,
806 879 947 937 Sturzius
959 876 993 936 in
1006 877 1123 936 Bsokii
1139 874 1245 935 Com·-

124 968 234 1027 mentt.
248 962 319 1025 Soc.
336 961 445 1041 philol.
458 964 545 1042 Lips.
563 965 636 1026 Vols
651 964 694 1025 11.
712 964 796 1023 Part.
811 960 835 1025 l.
852 982 881 1041 p.
899 962 949 1027 64.
967 960 1080 1023 Lana.
1119 994 1122 999 ·

208 1044 278 1108 ead·
294 1046 318 1115 l.
334 1066 363 1125 9.
384 1039 546 1118 Karina)
564 1050 658 1105 Hom.
677 1046 789 1125 Odyss.
804 1053 851 1119 M,
865 1043 937 1107 350.
967 1045 1092 1113 Sanan.
1146 1060 1151 1067 '

211 1128 281 1193 aad.
304 1130 325 1189 1.
346 1149 394 1188 ιι.
412 1122 600 1212 ’οξὑειρος>
629 1131 815 1209 Corruptsm
838 1148 947 1205 vocem
972 1130 1104 1227 opinor,
1133 1124 1244 1189 forsan

126 1210 285 1291 icrlpserit
309 1206 494 1296 ταχύτερος,
520 1215 594 1274 vide
613 1215 715 1292 Fugit.
741 1234 770 1277 c.
792 1232 845 1280 22.
886 1212 967 1273 Nam
990 1211 1088 1288 οξεάις
1113 1210 1243 1293 quidem

125 1305 280 1375 usurpant·
299 1298 337 1357 ds
358 1311 509 1376 tempore,
528 1289 601 1373 iiie
620 1319 695 1360 vero
716 1316 789 1359 raro
810 1305 863 1359 aut
876 1318 1035 1379 nunquam
1050 1295 1147 1393 probi
1163 1296 1245 1355 scri·

126 1389 244 1460 ptores.
295 1380 377 1451 Vide
401 1391 505 1442 tamen
524 1383 642 1443 Neron.
663 1403 730 1462 cap.
748 1384 779 1447 5.
808 1381 869 1441 Sed
891 1380 1019 1463 etquid
1041 1380 1128 1455 οξοῒα
1144 1370 1245 1459 ἡδοναὶ

127 1464 188 1525 sibi
203 1464 282 1527 velit
294 1463 399 1527 Amor.
413 1486 440 1525 o.
459 1469 507 1527 25.
520 1478 684 1530 memento.
705 1469 825 1527 Socra.
868 1466 941 1525 Non
963 1485 1041 1545 opas
1063 1473 1135 1525 arat
1158 1458 1243 1528 aisi-

126 1569 216 1628 τερος
229 1549 408 1625 emendare;
428 1551 674 1631 quandoquidem
691 1544 764 1625 ὅξιὶς
781 1550 972 1610 celeritatem
987 1548 1171 1628 saepissime
1186 1568 1243 1607 no·

127 1642 197 1696 tare
217 1633 360 1693 novimas
381 1653 498 1709 omnes.
527 1638 687 1714 Hippoer.
702 1634 827 1714 'Aphon
851 1631 876 1702 1,
893 1653 922 1697 1.
944 1630 1011 1697 ddi
1027 1625 1143 1711 sssoic
1159 1624 1242 1707 dria

129 1716 249 1775 Noster
265 1717 373 1779 Amor.
387 1739 417 1785 c.
432 1720 481 1778 25.
504 1713 588 1793 ὀξεῖα
611 1714 672 1801 ydp
696 1712 791 1796 idonei
810 1716 1003 1803 παραπτοῖοα
1029 1710 1154 1797 ordea
1172 1715 1244 1795 apli

128 1794 152 1883 ἢ
163 1798 368 1901 prosodiaci,
388 1804 581 1881 πεπαυμένη.
602 1804 652 1863 Ne
671 1804 776 1881 plura,
797 1803 897 1877 inre,
919 1803 1007 1882 cnjus
1021 1802 1168 1877 exempla
1185 1796 1242 1865 ὅσα

130 1907 218 1956 sassa
232 1886 319 1944 nobis
334 1887 435 1951 obvia.
461 1892 504 1947 At
521 1890 626 1951 forsan
649 1889 769 1968 quiret
785 1886 875 1945 dolor
891 1879 966 1960 iiie
981 1898 1097 1945 acutus
1113 1884 1243 1945 Graeci·

4 2028 6 2033 ,
130 1967 267 2043 dicitur,
284 1969 307 2034 i.
327 1990 356 2032 e.
383 1970 563 2042 vehemens,
589 1970 660 2031 ideo
681 1964 762 2042 cisia
785 1968 837 2029 hic
858 1969 1041 2050 praetulerit
1056 1968 1191 2050 aliquis,
1211 1968 1243 2027 ut

129 2052 308 2131 ambiguum
330 2056 459 2116 vitetur.
486 2054 548 2114 Sed
567 2053 646 2114 nihil
667 2076 745 2134 opus
764 2062 831 2125 eat,
858 2074 931 2115 cum
944 2072 1031 2134 seqq.
1045 2054 1121 2113 satis
1136 2052 1243 2115 deela-

130 2144 220 2213 seat,
242 2136 281 2198 de
292 2138 449 2197 celeritate
464 2158 638 2199 sermonem
653 2159 728 2199 asae.
749 2138 867 2200 Rarus.

218 2221 287 2280 ead.
309 2220 330 2282 l.
352 2218 381 2280 8.
404 2216 511 2285 ’Ἔνθα
530 2222 608 2304 μηδὲ
627 2215 762 2287 θάπτειν
781 2216 888 2300 ὅσιον)
917 2216 1028 2281 Itidem
1055 2219 1133 2281 olim
1162 2216 1246 2299 apud

131 2302 250 2369 Delam
271 2302 389 2366 factum
411 2308 595 2387 accepimus.
628 2308 823 2383 Tluceydidea
843 2307 898 2370 lib.
919 2305 978 2367 111.
1003 2304 1144 2368 Pasas:
1170 2304 1245 2365 Duo

134 2384 188 2452 liic
203 2386 309 2449 sedulo
330 2391 537 2451 observanda:
558 2412 664 2469 agrurn
686 2390 884 2470 Olympicum
902 2408 1022 2450 sacrum
1040 2388 1157 2463 fuisse;
1178 2386 1245 2449 vid.

133 2472 280 2557 Papam.
295 2490 366 2547 202,
382 2476 413 2539 5.
439 2475 490 2534 ubi
513 2476 694 2535 nominatim
709 2475 754 2534 ibi
766 2476 853 2539 locus
866 2473 990 2554 quidam
1014 2463 1097 2552 laprio
1114 2469 1246 2550 dicitur,

133 2555 173 2635 2)
193 2576 256 2617 uon
276 2557 398 2619 licuisse
422 2560 487 2619 illic
513 2580 695 2640 quemquam
716 2558 859 2639 sepelire.
894 2558 989 2619 Clam.
1008 2556 1247 2615 Alexandriam

133 2660 166 2721 p.
184 2642 231 2704 18.
248 2636 284 2700 C.
303 2642 444 2719 pluribus
466 2643 619 2718 ostendit,
640 2643 736 2705 inulta
756 2642 871 2723 templa
890 2641 1031 2721 sepulcra
1049 2638 1247 2700 fuisssviro·

132 2743 207 2785 rum
222 2724 398 2803 insignium.
420 2728 541 2792 Sosia.
567 2744 572 2751 ·

219 2810 289 2867 ead.
302 2810 322 2869 l.
341 2812 386 2872 15.
412 2804 533 2889 ilites)
556 2811 695 2871 Historia
709 2820 795 2884 nota3
811 2818 934 2890 tempus
947 2808 1185 2869 etiamsolum
1209 2824 1246 2867 ao

136 2890 220 2951 enim
240 2892 308 2969 ipso
331 2893 397 2967 die,
425 2916 485 2972 quo
507 2894 685 2955 Alexander
705 2896 835 2973 Magnas
847 2902 940 2955 natus
955 2899 1019 2964 est,
1044 2888 1248 2971 conflagrasse

135 2970 197 3035 hoc
211 2977 295 3037 orbis
311 2978 492 3038 miraculum
510 2978 653 3038 traditur.
673 2979 798 3039 Souna.

220 3061 291 3121 aad.
305 3060 327 3120 l.
346 3061 394 3125 16.
421 3069 475 3135 Τις
489 3060 611 3138 ἔνδοξος
623 3058 785 3145 γενέσθαι)
797 3062 1017 3123 Herostratum
1030 3057 1146 3131 innuit,
1160 3058 1250 3137 culus

135 3160 249 3202 nomen
264 3145 420 3205 oblivione
433 3147 546 3206 suisset
558 3148 722 3222 obrutum,
742 3147 803 3207 nisi
823 3144 1038 3221 Theopompus
1053 3142 1088 3205 iu
1100 3140 1250 3225 historias

137 3244 208 3285 suas
221 3226 298 3287 illud
313 3230 479 3293 esuriisset.
502 3232 624 3295 Strabo.
646 3232 736 3291 Ptin.
756 3229 862 3309 Agin.
883 3228 1003 3288 Fasaa.
1031 3222 1042 3233 “

223 3312 291 3377 ead.
305 3311 329 3375 l.
348 3315 393 3372 18.
424 3312 578 3387 Theotisca
591 3311 669 3395 ἔρως
682 3308 847 3391 τῆοἲδόξης
861 3309 1022 3389 ἐντέτηκεν
1035 3303 1140 3393 airqi)
1160 3309 1250 3369 Adeo

137 3396 331 3472 inexpiabili
346 3418 448 3457 amore
458 3401 582 3477 glorias
595 3400 767 3461 tenebatur.
788 3397 994 3476 Interpolator
1015 3394 1159 3475 pessime.
1179 3392 1252 3455 Re-

137 3477 214 3539 tulit
233 3479 316 3543 enlm
338 3479 377 3540 ad
399 3482 634 3561 Herostratum,
656 3481 739 3562 quod
760 3479 799 3540 de
811 3481 981 3558 Peregrino
995 3477 1253 3539 dixcrsthucia-

137 3579 210 3626 11⁰³·
248 3563 349 3640 Dein,
375 3567 457 3646 quod
481 3567 673 3645 inexpiabili
694 3586 797 3626 amors
823 3565 920 3639 dixit,
948 3564 1030 3643 sugit
1047 3562 1137 3623 illum
1149 3560 1253 3636 ῐαῒὶος

139 3644 248 3706 debuit
262 3650 343 3709 enim
359 3652 545 3727 inexplebili
563 3649 675 3709 dicere.
700 3650 820 3713 Verum
835 3648 989 3731 imperitia
1003 3642 1254 3725 Lexicagraphis

140 3730 291 3808 credidit,
320 3743 351 3794 et
372 3734 575 3811 interpretem
598 3734 750 3813 corrupit.
792 3728 904 3793 Venter
934 3734 1057 3791 Tantis
1076 3730 1108 3787 si
1125 3730 1254 3809 gloriae

140 3835 231 3877 umor·
242 3818 333 3875 inest.
355 3817 513 3895 Loquitur
528 3817 611 3877 enim
623 3818 678 3879 ille
699 3835 872 3896 anonymus
891 3813 931 3877 (le
950 3812 1120 3893 Peregrina
1138 3812 1256 3873 stiam*

104 3908 108 3915 '
139 3916 218 3961 uum
235 3901 508 3963 vivente-,Fauen
1044 3938 1050 3955 ι
1201 3932 1204 3939 ·

224 3984 313 4063 Peg.
326 3984 396 4059 278.
417 3984 439 4048 l.
455 3985 484 4044 5.
509 3985 574 4049 Καὶ
595 3982 801 4065 καταφρονεῖν
821 3971 969 4061 θανᾶτου
989 3974 1046 4041 sal
1066 3968 1258 4053 ιιαιιῦιουσ)

141 4064 365 4149 interpolator,
383 4081 415 4130 et
435 4073 543 4133 martia
564 4082 772 4153 contemptum
784 4080 816 4131 at
828 4078 1028 4141 amma,
1046 4072 1080 4125 ot
1092 4062 1132 4125 id
1146 4080 1257 4145 gom
