2506 4672
98 239 227 348 ·3ῳ
283 270 285 277 ·
428 213 1090 349 ιριιιιιιοιιε·’

111 499 114 509 ,
141 448 255 531 ,paucis
277 447 422 531 exponit,
449 445 634 525 promittens
657 467 691 507 se
722 450 947 528 opportuniore
966 451 1036 515 loco
1056 454 1146 534 plura
1166 454 1241 516 datu

148 554 238 608 rum3
258 533 342 593 uude
364 531 516 608 conjicio,
542 529 768 597 enuntio
791 534 931 594 uotorum
958 536 1071 613 suisse;
1098 560 1170 598 cum
1190 541 1241 599 loc

149 619 256 699 priore
277 636 342 676 nou
363 615 542 692 repetierit,
563 634 641 693 quae
660 635 753 695 super
775 611 888 701 κορύζῃ
911 623 1037 700 copiose
1060 622 1147 684 dedit
1162 606 1197 683 iis
1213 625 1250 682 ed

149 701 311 780 Dialogor.
328 700 461 758 Luciani
484 699 602 757 minore
610 744 621 773 ,
645 719 676 777 p.
694 710 794 769 notar.
810 711 861 766 uls.
873 704 974 768 -30.
998 709 1039 764 At
1056 726 1126 766 cunr
1139 717 1173 765 et
1186 709 1249 767 otiu

150 782 267 845 similes
287 783 415 842 minoris
435 781 494 843 ud.
520 782 750 841 observationes
773 804 834 844 non
856 785 964 845 recudi
977 785 1010 846 in
1024 787 1120 849 hacce
1133 795 1238 851 curari

149 868 247 929 nolim
270 869 331 949 jam
356 866 446 925 istam
468 873 572 924 uotam
595 876 655 926 tarn
681 862 801 942 longam
825 864 888 926 ltu'c
909 870 1061 947 inserere,
1079 876 1150 952 quia
1168 894 1242 954 prae

149 953 300 1033 scripturn
314 950 461 1010 foliorum
476 969 639 1009 numerum
657 950 809 1010 excedere
823 953 982 1031 nonlicet,
1003 965 1036 1015 et
1050 957 1149 1016 altera
1162 959 1243 1019 editi

123 1032 357 1117 plurimorum
377 1034 410 1092 in
437 1033 578 1091 manibus
600 1043 751 1096 versatur.
786 1035 856 1094 Hoc
881 1036 979 1098 solum
1004 1048 1143 1118 repetam
1154 1089 1165 1118 ,
1185 1063 1253 1122 pru

147 1119 217 1180 aliis
240 1118 415 1178 Lucienum
439 1111 553 1198 κορύζῃ
576 1136 634 1194 pro
653 1118 791 1175 stultitia
805 1118 985 1199 frequenter
998 1124 1064 1197 uti,
1086 1134 1121 1183 ut
1137 1137 1245 1203 praete

109 1236 111 1245 =
147 1202 328 1281 superiora,
354 1197 394 1257 de
411 1199 514 1269 ‚Most
537 1200 661 1275 Peregr.
683 1199 741 1257 sub
763 1200 833 1261 init.
853 1211 887 1260 et
908 1201 943 1263 in
956 1203 1067 1284 Ndvig.
1083 1212 1112 1284 §.
1127 1211 1181 1271 45.
1198 1210 1248 1269 ete

75 1340 79 1351 ,
126 1280 266 1347 =·'Rsrrz.
304 1282 402 1359 ,Quod
419 1280 556 1360 quaeris,
575 1282 732 1360 reperitur
752 1283 853 1360 Tomu
875 1282 968 1366 hujus
982 1288 1069 1354 Edit.
1082 1291 1122 1348 ΙΙ.
1136 1309 1169 1368 p.
1183 1292 1248 1370 494

78 1442 81 1447 Ι
148 1390 194 1451 sq.
215 1368 327 1430 Lanu.
929 1415 931 1421 -

187 1441 201 1451 “
231 1458 318 1529 Pag.
339 1447 430 1509 221.
450 1442 480 1509 5.
504 1441 667 1512 Οὔκουν
686 1438 947 1526 θαυμαστδν]
969 1446 1161 1512 Reddiderut
1178 1455 1242 1514 Ges

148 1526 262 1596 nerias:
282 1534 393 1611 Itaque
409 1529 631 1590 admirandum
643 1542 699 1592 est.
728 1531 795 1589 Into
811 1530 958 1592 debebat:
980 1535 1056 1592 Nou
1071 1538 1177 1615 itaque
1194 1541 1242 1596 mi

34 1667 39 1680 .
145 1618 283 1680 randum
296 1629 359 1685 ost,
379 1623 416 1673 ut
432 1616 490 1687 jam
509 1615 699 1673 Anastasius
716 1611 852 1676 dederet.
877 1613 996 1676 Clamat
1010 1619 1184 1691 sententiae
1200 1641 1239 1681 ua

146 1712 220 1764 tura
233 1709 266 1763 et
278 1698 447 1780 particulae
461 1693 574 1761 οὔκουν
587 1691 663 1778 (uon
677 1688 799 1773 ου’κοῦν,
813 1697 926 1777 dequo
941 1701 1093 1761 Gesnerus
1107 1703 1249 1781 cogitans

145 1784 284 1860 videtur)
305 1804 388 1844 usus.
420 1782 470 1847 Cs.
490 1782 643 1847 Ilerodot.
665 1801 692 1840 c.
710 1799 737 1840 1.
757 1781 851 1845 Tum.
872 1781 932 1845 IV.
948 1804 982 1865 p.
998 1803 1069 1847 121.
1091 1795 1124 1846 et
1141 1786 1244 1847 Abdic

44 1892 47 1907 ·
132 1867 225 1935 ·c.'8.
240 1868 334 1939 Toou.
348 1868 387 1929 V.
405 1887 437 1946 p.
457 1885 505 1928 ιο.
528 1866 637 1924 Lunus.
672 1921 676 1933 ,

218 1954 302 2041 ⁴eorl.
318 1953 338 2011 1.
353 1971 384 2029 9.
406 1953 449 2015 Εἰ
465 1944 610 2031 percute
627 1942 745 2030 μάθοι)
764 1950 890 2012 Marcus
910 1948 1088 2013 Antoninus
1108 1951 1237 2015 Philoso

131 2035 393 2198 phuspgppspp·
416 2118 439 2176 l.
452 2120 482 2179 5.
510 2111 651 2190 Βάσσος)
678 2118 730 2176 De
753 2117 885 2198 quodam
901 2116 1001 2200 ,Basso
1023 2084 1245 2201 legimus'spu·

145 2201 378 2268 Philostmturn
394 2222 460 2279 pug.
483 2201 549 2260 166.
571 2213 603 2260 et
621 2200 659 2259 ad
676 2223 767 2280 quern
783 2204 940 2283 Apollonii
956 2205 1113 2283 Epistulae
1130 2200 1253 2267 ersten

93 2335 98 2351 .,
145 2286 306 2350 XXXVI.
321 2295 353 2346 et
366 2285 539 2346 XXXVII.
554 2295 585 2344 et
599 2285 681 2364 apud
696 2284 848 2358 Saulem,
869 2287 922 2347 sed
939 2287 1016 2346 alins
1030 2289 1057 2346 is
1073 2289 1201 2351 videtur
1216 2293 1252 2353 ub

126 2540 195 2621 -jus
219 2530 382 2619 sophistae
401 2540 524 2605 nomine
540 2536 688 2616 insignire
704 2559 824 2616 queem.
854 2540 928 2599 Fuit
944 2549 975 2599 et
989 2538 1238 2603 Bassus-Neroni

125 2633 304 2705 tempore,
323 2621 416 2683 homo
439 2622 661 2696 dicacissimus,
683 2623 736 2701 qui
755 2627 875 2683 Asinus
894 2624 986 2683 albus
1008 2622 1195 2704 vocabatur,
1215 2648 1253 2691 ιιι

143 2706 246 2771 refert
269 2708 401 2784 Quintil.
425 2708 464 2767 L.
491 2708 550 2768 VI.
567 2727 597 2770 c.
618 2707 648 2766 3.
673 2727 704 2785 p.
729 2707 800 2766 545.
829 2709 1025 2788 Asinumque
1047 2710 1086 2768 ob
1107 2704 1244 2789 ineptias

145 2793 253 2854 album
267 2794 306 2852 ob
320 2789 563 2868 ¹jucunditatem,
586 2790 702 2850 dictum
722 2791 789 2851 vuit
812 2793 944 2854 Turneb.
973 2792 1017 2850 At
1036 2794 1189 2855 Burman.
1209 2797 1252 2856 ob

123 2916 127 2924 -
144 2885 304 2956 stuporem
327 2876 378 2935 vel
397 2896 518 2951 magnas
541 2895 648 2943 aures,
672 2883 705 2949 ct
721 2875 857 2935 colorem
875 2875 963 2935 cutis.
988 2873 1082 2935 Hunc
1098 2877 1204 2957 desigu
1250 2907 1253 2932 t

136 2981 208 3022 ,non
230 2961 368 3039 ineptum
391 2960 488 3033 soret,
508 2959 533 3016 si
558 2969 678 3038 tenipus
696 2960 886 3020 conveniret.
897 2959 1019 3017 'Rurru
1061 2963 1195 3019 Belinos
1216 2964 1252 3025 in

101 3036 106 3045 ’
142 3054 209 3127 not.
229 3044 267 3105 ud
286 3043 376 3106 Vens.
391 3045 481 3106 Tum.
499 3044 554 3104 IV.
571 3063 603 3122 p.
622 3045 694 3119 287.
718 3034 791 3102 s'utis
813 3051 898 3103 certo
914 3042 1014 3102 credit
1028 3045 1252 3121 probabiliter-

144 3149 204 3210 que
223 3128 357 3188 ostendit
368 3129 492 3186 Bassum
509 3137 648 3186 nostrum
661 3126 827 3205 sophistem
849 3126 1046 3187 Corinthium
1067 3127 1157 3187 iilum
1183 3151 1252 3190 esse

143 3213 294 3286 eundern,
315 3232 405 3290 quern
431 3232 449 3270 e
468 3209 662 3269 Philostrato
680 3209 857 3289 ¹laudaverit
877 3213 1021 3269 solanus.
1053 3211 1146 3287 Quod
1162 3214 1191 3272 si
1205 3214 1251 3274 itu

143 3306 212 3371 cst,
234 3307 270 3361 ut
291 3296 365 3356 mihi
389 3314 510 3374 quoque
531 3294 673 3369 videtur,
695 3315 795 3372 neque
820 3315 837 3353 e
857 3295 1040 3355 Pseudol.·c.
1058 3297 1088 3357 3.
1098 3307 1251 3361 nonense

141 3381 337 3439 Seluniedoro
357 3382 479 3442 Bustanr
504 3378 616 3437 Chium
640 3377 700 3436 huc
718 3377 855 3459 trahere,
876 3400 976 3459 neque
990 3380 1045 3439 illo
1062 3380 1130 3439 loco
1148 3380 1250 3440 Pseu-

118 3490 121 3497 ·
142 3462 326 3542 dologistue‚
346 3464 528 3542 conjiciente
545 3463 676 3538 Solone,
698 3463 825 3528 Bassum
843 3462 954 3522 Chium
977 3484 1033 3541 pro
1056 3464 1147 3522 Basta
1163 3464 1249 3524 scri-

141 3547 218 3606 bere
238 3549 361 3623 licebit3
380 3547 433 3605 sed
455 3546 576 3606 diversa
595 3556 668 3604 sunt
691 3555 822 3626 utroque
839 3548 908 3606 loco
931 3547 1122 3606 diversorum
1138 3569 1248 3627 perso·

44 3686 48 3701 ,
141 3649 252 3692 narum
264 3633 397 3690 nomina.
417 3632 540 3689 Bastaru
554 3631 672 3689 scilicet
687 3632 932 3709 cognominatum
949 3651 1015 3688 esse
1030 3632 1247 3693 Democritum

143 3712 257 3774 Chium
277 3717 427 3774 musicum
448 3724 556 3774 auctor
576 3724 625 3774 est
647 3713 825 3792 IIesych.·s.
851 3735 883 3776 v.
906 3707 1053 3786 Baiurae,
1078 3715 1134 3773 ubi
1156 3716 1248 3796 plura

141 3794 361 3860 Commentatt.
388 3801 497 3857 Lunst.
964 3838 981 3865 -‚
1081 3844 1083 3848 .

227 3883 304 3941 ibid.
322 3876 482 3959 Βάταλος)
501 3884 550 3941 De
565 3881 625 3940 hoc
639 3881 720 3961 apud
735 3890 875 3963 auctores
889 3879 1063 3958 ambigitur,
1083 3879 1152 3940 aliis
1167 3883 1248 3942 tibi-

62 3966 67 3973 ’
141 3969 259 4040 sineru,
276 3967 399 4044 postam
420 3969 486 4025 uliis
510 3967 702 4028 facientibust
726 3963 1135 4050 Vid.1Plat.v.'Dem0sth.
1157 3968 1248 4025 1554.

139 4045 164 4113 Ι,
179 4049 233 4133 qui
248 4059 371 4125 mouet,
392 4051 435 4112 ita
453 4049 570 4113 dictum
587 4053 624 4112 ab
641 4051 849 4115 obscoenitate
866 4047 1250 4135 Demosthenem-'Liba-
