2506 4672
47 289 182 367 lot·
300 274 1016 353 ‘sonossrrosssff

94 489 352 563 Melenelutouts
368 483 481 559 verbm
501 479 678 546 reddentist
696 483 797 562 Apud
813 483 1028 545 Alexandrum
1044 487 1213 566 gravissi-

94 588 140 647 mi
158 579 301 643 criminis
326 591 397 632 reus
413 569 536 645 fiebat,
564 570 621 648 qui
642 569 738 627 colere
759 581 789 627 et
809 569 942 653 adorare
964 572 1214 648 Hephaestiam

55 684 57 689 ·
95 668 199 729 nollet.
226 661 336 723 Priora
359 653 441 714 enim
462 651 556 731 hujus
579 652 843 731 interpretationis
863 652 965 712 miuus
986 663 1075 731 eraut
1090 652 1216 713 adrem

95 761 130 812 et
151 747 189 810 sd
208 744 303 807 verba
323 735 564 823 accommodata.
592 734 653 793 Sed
676 737 824 807 Balteus,
846 756 923 815 quoe
941 747 1007 798 erat
1025 757 1134 815 magua
1147 736 1216 796 ho·-

35 824 38 835 ’
95 831 188 896 minis
204 824 316 909 levitas
334 833 365 882 et
380 841 469 882 caeca
483 839 574 896 saepe
588 818 745 878 doctrinae
764 821 947 887 ostentatio,
971 822 1071 884 ἐὶοιιο
1097 830 1215 898 putans

98 941 118 980 a
132 916 231 977 Tullio
245 907 334 971 reddi
347 926 404 988 per
425 904 623 983 deserebatur
650 901 748 982 (quod
771 903 825 962 ille
846 904 970 963 nonnisi
992 905 1216 983 explicationis

99 999 196 1084 gratia
213 997 251 1056 de
266 1015 322 1054 sno
337 983 524 1069 adjecerat),
549 988 679 1046 Gesneri
697 985 892 1061 versionem,
913 1000 1003 1067 quam
1027 988 1093 1047 non
1114 989 1216 1067 magis

1 1070 3 1077 .
100 1088 267 1149 oltentator
289 1078 348 1137 iste
371 1067 541 1140 ridiculus,
562 1091 652 1148 quarn
673 1069 792 1129 Graeca
812 1073 924 1143 verbe,
951 1081 1093 1150 cuperet,
1123 1074 1217 1139 vitu-

100 1177 203 1254 perat,
224 1173 257 1224 et
284 1144 404 1220 Graeca
430 1153 532 1216 reddit
557 1153 595 1213 ad
622 1153 767 1224 verbum:
798 1153 1012 1235 si'quelqu’uu
1035 1151 1114 1215 e'toit
1135 1157 1217 1237 pris,

49 1248 51 1252 ¹
101 1252 180 1316 etoit
193 1246 364 1309 convaincu
378 1240 472 1300 deine
488 1257 540 1316 pas
554 1237 675 1299 aduror.
695 1236 745 1297 Sic
763 1257 835 1317 prae
853 1238 1028 1299 libidinoso
1042 1237 1125 1297 fastu
1147 1260 1215 1301 nou

101 1336 200 1412 vidit,
221 1328 305 1412 quod
327 1325 380 1388 vel
404 1323 557 1383 tironibus
580 1321 750 1382 innotuisse
765 1321 877 1397 debet,
896 1317 956 1407 οὐχ
969 1322 1101 1388 ἑλέσθαι
1117 1323 1215 1384 etiam

100 1424 136 1485 h.
154 1420 176 1480 l·
197 1436 262 1477 csse
286 1402 384 1478 lota,
406 1407 499 1469 etsie
521 1425 584 1465 non
606 1407 738 1465 sotuma
760 1406 1004 1468 Melanchtlwne
1023 1419 1055 1468 et
1069 1408 1217 1485 Germa,

102 1506 157 1570 sed
176 1501 269 1564 etiam
285 1518 303 1556 a
319 1494 435 1567 Tullio,
455 1499 578 1568 captum
598 1510 675 1553 esse.
696 1490 807 1552 Luuu.
1037 1544 1042 1551 ,

188 1585 257 1646 ead.
273 1582 297 1643 l.
316 1579 365 1642 13.
389 1567 572 1659 Ἐβοολήθη
593 1574 780 1656 προςθιῖοαι
797 1573 850 1637 set
870 1572 964 1640 τοῦτο
986 1571 1025 1660 τῇ
1041 1570 1136 1658 lacessi
1154 1598 1217 1657 μι-

5 1708 11 1723 ,
104 1668 283 1761 γαλουργὶᾳ)
304 1660 475 1741 Praecessit
497 1659 723 1717 Melanehtlzon
742 1658 967 1728 invertendo,
995 1661 1040 1718 ud
1055 1662 1216 1739 reliquam

98 1759 227 1843 funeris
250 1747 519 1830 magrzificentiam
540 1743 684 1801 additum
710 1744 819 1803 uoluit.
845 1743 888 1802 Et
911 1745 1049 1824 seqnitur
1068 1754 1215 1823 prompte

108 1838 315 1907 Benedictus,
344 1826 440 1892 verba
461 1828 534 1886 haec
557 1828 623 1906 ipss
653 1827 696 1884 sic
719 1826 895 1905 exprimens
903 1845 916 1898 a
943 1828 1026 1908 quod
1054 1828 1153 1887 miror
1176 1826 1216 1887 ab

108 1929 192 1999 aliis,
212 1921 267 2002 qui
281 1918 323 1976 hn
333 1936 363 1973 rc
376 1913 529 1990 dialogum
544 1921 575 1970 et
588 1911 760 1971 versionem
777 1911 843 1990 ejus
864 1919 925 1970 tam
941 1908 1082 1971 accurate
1095 1928 1219 1986 exege-

111 2018 200 2080 runt,
226 2023 283 2083 pro
307 2002 386 2059 bono
409 2005 584 2074 acceptum,
612 2015 681 2053 cnm
706 1994 789 2052 nulla
811 2014 934 2071 prorsus
952 1996 985 2055 in
1012 1997 1139 2055 Graecis
1160 1995 1216 2057 fiat

110 2095 225 2156 mentio
249 2084 330 2145 illius
350 2079 479 2142 funeris.
510 2079 595 2152 Quin
615 2079 706 2136 etiarn
723 2078 926 2158 μεγαλουργία
948 2100 1009 2139 non
1024 2080 1158 2159 patitur,
1177 2084 1217 2139 ut

94 2177 300 2255 'de‘inrpcnsa
317 2163 491 2242 pecuniaria
508 2161 711 2238 intelligatur,
732 2162 857 2221 Graecis
876 2163 914 2221 at
939 2184 1005 2223 eam
1029 2164 1217 2240 exprimen-

77 2325 80 2329 ,
112 2263 181 2322 alam
199 2255 345 2333 uliavoce
359 2242 529 2308 utentib'u's.
555 2245 654 2304 Immo
673 2266 728 2305 nec
743 2247 946 2306 consideratio
972 2247 1217 2325 magnificentiae

113 2341 233 2405 funeris
258 2343 358 2417 potest
377 2330 428 2390 hic
455 2331 556 2389 locunt
581 2328 703 2394 habere.
739 2330 1112 2410 lllajora-‹lesiderantur‚
1135 2350 1217 2410 quse

63 2447 66 2461 ‘
112 2425 259 2496 habebis,
287 2419 314 2478 si
341 2424 425 2477 recte
453 2417 555 2474 vertas*
582 2433 699 2473 mecum
724 2415 769 2471 acl
787 2414 940 2494 reliquam
960 2436 1061 2474 rerruu
1083 2436 1216 2474 sisarum

114 2506 365 2592 magnitudinem
379 2500 456 2558 adcli
470 2500 570 2556 uolrrit
577 2542 587 2570 ,
614 2512 647 2555 ut
660 2511 689 2557 et
705 2500 808 2556 Deum
825 2512 940 2558 crearet
961 2522 1028 2558 eum
1036 2539 1046 2567 ,
1064 2503 1121 2579 qui
1144 2511 1216 2558 erat

72 2632 75 2636 ·
107 2588 263 2658 'nrortuua
293 2587 375 2644 luter
396 2584 453 2641 alia
473 2583 609 2661 iugentia
624 2591 689 2640 acta
710 2601 766 2639 sua
781 2580 895 2642 reterri
915 2585 1033 2654 voluit,
1053 2584 1156 2663 ipsum
1174 2603 1218 2644 ex

51 2738 54 2743 .
115 2688 238 2743 mortuo
261 2673 370 2733 secisse
390 2669 502 2727 Deum.
525 2663 631 2728 Grau.
678 2667 788 2725 Veram
807 2664 972 2727 haucerre
991 2669 1144 2727 Gronovii
1162 2668 1217 2727 iu·-

115 2759 385 2843 terpretstiouem‚
409 2751 544 2829 probant
559 2750 689 2810 inferius
708 2747 805 2809 dicte:
826 2750 880 2812 aul
896 2748 975 2833 μέγα
994 2746 1128 2831 ἐφρόνει,
1147 2744 1217 2825 ,οἷς-

65 2910 68 2915 .
115 2845 181 2914 orel
198 2838 235 2921 οὗ
255 2835 334 2905 dauri
352 2835 425 2908 παῖς
440 2829 485 2897 ὥν
504 2828 617 2912 μόνον,
639 2824 718 2897 lul
736 2832 789 2896 uui
809 2828 905 2908 θιούς
921 2835 1016 2903 ποιεῖν
1038 2832 1217 2916 δυνάμενος.

113 2936 157 2995 Et
171 2932 214 2990 sic
233 2922 438 2988 Wielaadius
455 2939 576 2997 quoque
592 2921 723 2979 censuit.
745 2915 806 2976 Sed
828 2920 941 2979 Belino
962 2920 1128 2980 videbatur
1143 2940 1216 2980 cum

112 3009 352 3078 Melauclulrone
374 3003 506 3080 intelligi
521 3004 650 3079 funeris
670 3011 702 3060 et
722 3006 936 3081 exsequiarum
954 3004 1217 3084 magnificem&

114 3101 153 3161 de
176 3116 234 3178 qus
255 3111 327 3152 sane
349 3088 440 3150 multi
455 3095 527 3145 suut
541 3084 709 3165 scriptores
725 3094 863 3154 veteres:
883 3109 983 3170 neque
997 3097 1100 3149 mmen
1115 3086 1169 3149 hic
1185 3088 1217 3149 ci

115 3186 202 3246 locus
220 3185 295 3240 erat.
316 3174 426 3232 Lausi.
910 3238 914 3243 .
1005 3176 1007 3183 ·

198 3263 277 3322 illel.
303 3257 367 3321 Kal
391 3246 470 3317 θιόν
497 3247 729 3334 χειροτονῆσαι)
767 3254 910 3314 Pluribus
939 3254 1219 3330 haeosArriamu,

115 3352 260 3421 Curtius,
284 3339 476 3400 Plutarchus
498 3340 532 3395 in
552 3338 617 3396 vita
637 3339 728 3400 Alex.
748 3338 792 3401 M.
814 3340 918 3400 Tota.
960 3337 1057 3399 Addit
1083 3340 1219 3401 Bellicus

112 3433 318 3497 narrationem
336 3425 466 3481 Aeliani
481 3422 511 3480 V
513 3436 522 3481 ¹.
534 3421 575 3479 ΙΙ.
590 3421 661 3489 VII,
681 3423 711 3481 8.
727 3420 780 3480 ubi
795 3422 859 3486 vid.
874 3426 1017 3483 Perirou·
1038 3424 1150 3487 Lesa.

150 3561 152 3565 ,
196 3519 279 3592 Pag.
298 3509 348 3568 46.
372 3508 393 3567 Ι.
412 3525 437 3562 1·
458 3501 521 3571 Kal
544 3497 561 3566 d
583 3502 728 3584 μέγιστος
747 3497 854 3587 ὅρκος)
874 3507 925 3567 De
946 3505 1085 3588 Caligula
1104 3500 1237 3569 Salem

6 3600 9 3607 ’
113 3604 187 3662 nius
202 3600 320 3672 rel'ert,
338 3611 412 3650 eum
425 3590 505 3648 inter
519 3589 621 3648 cetera
639 3589 751 3648 suroris
765 3611 837 3668 erga
848 3590 1016 3650 Drusillam
1031 3592 1219 3659 documenta

112 3688 266 3762 nunquam
281 3677 424 3753 deinceps
440 3673 501 3731 nisi
512 3693 571 3749 per
588 3693 701 3731 numen
716 3675 880 3736 Drusillae
901 3674 1058 3754 dejerasse.
1084 3674 1169 3737 ldem
1182 3678 1219 3739 in

20 3796 23 3805 ,
40 3768 43 3777 ’
110 3776 213 3829 morte
227 3764 302 3822 latii
320 3757 456 3818 Caesaris
479 3762 584 3815 narrat
590 3799 601 3830 ,
622 3759 846 3818 controversias
863 3758 1004 3839 quasdam
1021 3779 1038 3819 a
1054 3760 1147 3841 plebs
1163 3765 1217 3821 in·

112 3851 260 3929 terposilo
285 3865 342 3923 per
371 3843 532 3900 Caesarem
556 3840 769 3914 jurejurando
795 3841 974 3918 distractas3
999 3854 1033 3903 et
1050 3838 1219 3905 ctafidjum

111 3933 223 4013 Impar.
233 3927 463 4004 jusjurandum
478 3923 537 3983 sibi
553 3945 649 4005 neque
667 3927 824 4002 sanctius,
845 3946 945 4009 neque
965 3928 1103 3988 crebrius
1122 3929 1219 3989 insti·

84 4028 89 4033 .
110 4018 225 4090 tuisse,
249 4029 339 4093 quum
360 4028 418 4083 par
439 4011 633 4087 Augustum:
656 4007 730 4087 quin
750 4018 782 4068 et
804 4007 917 4079 violata
937 4010 1074 4090 perjurto‘
1090 4013 1220 4075 mim

109 4104 171 4165 ists
188 4098 312 4180 gravius
334 4087 509 4168 vindicata,
533 4109 624 4170 quam
648 4092 762 4172 siquis
782 4113 840 4174 per
857 4093 960 4175 ipsum
980 4095 1067 4158 lovis
1088 4112 1218 4171 numen,
