2506 4672
130 286 203 363 594
396 277 946 358 sancusr1onus
1022 332 1026 339 ·

119 536 123 549 .
145 496 150 505 '
214 494 282 556 ssd.
296 493 319 553 l.
335 489 384 552 15.
410 487 461 572 Tq'i
475 483 569 570 ζοχῷ)
589 488 700 569 Αίρειν
724 483 813 572 ζαχιίν
832 512 889 572 pro
904 492 1046 554 doctrina
1067 494 1234 555 mandatis-

131 599 190 661 que
203 574 399 638 obscrvsndis
415 574 489 651 poni
503 572 598 633 tradit
611 577 639 635 J.
655 576 774 634 Elsner.
790 577 825 653 in
839 577 957 656 Evang.
973 578 1094 639 Μαιιίι.
1109 580 1173 655 xl,
1188 598 1235 661 29.

131 664 186 726 tibi
201 661 323 721 ethaeo
338 656 468 717 luciani
483 655 590 716 eodem
608 656 700 715 modo
717 662 854 739 exponit.
875 661 992 722 Rarus.

215 762 292 820 ibid.
326 748 513 838 Ὀρμῆσασα
536 759 580 831 εἰς
600 750 740 839 Ἰνδστίς)
769 760 900 821 Erudita
922 762 954 821 et
978 762 1146 825 verissima
1164 762 1235 825 baec

132 844 344 931 philosophiae
357 841 486 900 historin
505 851 562 905 est.
584 842 703 906 Soaau.

215 944 319 1005 eod-l.
340 940 389 1005 16.
411 935 527 1023 Ἐντῷ
540 940 615 1024 βίῳ)
636 944 662 1006 Ι.
681 964 709 1009 e.
733 946 768 1003 ιἰτ
787 944 912 1009 πιαηιίο.
944 944 1075 1007 Gerar.
1124 930 1235 1009 Confer

132 1050 224 1111 suprs
247 1028 329 1087 Tim.
355 1024 381 1103 §.
406 1028 456 1085 25.
483 1026 592 1090 Amor.
614 1046 643 1088 c.
667 1044 719 1090 νο.
741 1049 789 1108 pr.
812 1037 844 1086 et
864 1048 891 1090 c.
917 1030 968 1091 33.
999 1030 1083 1091 Gall.
1101 1052 1130 1097 c.
1146 1034 1176 1097 5.
1195 1034 1234 1091 'Et

134 1116 226 1175 Gon.
240 1112 278 1171 ad
291 1114 418 1170 lcarom.
435 1108 460 1171 f.
479 1110 721 1190 Berglerumque
737 1110 775 1170 sd
789 1111 932 1190 Alciphr.
945 1110 971 1172 l·
985 1134 1018 1193 p.
1038 1132 1111 1179 120.
1126 1106 1233 1177 Ritm.

215 1216 302 1292 Peg.
316 1212 388 1274 500.
402 1211 422 1269 l.
435 1229 463 1273 1.
487 1212 526 1275 Oi
539 1206 741 1291 Βραχμᾶνες)
755 1210 862 1289 Steph.
878 1212 950 1291 περί
961 1206 1094 1278 πόλεων.
1107 1214 1233 1279 Garat.

216 1313 296 1373 ibid.
315 1307 499 1393 Βραχμιῖνες
510 1335 553 1395 7·
568 1304 672 1390 stupris
682 1312 826 1394 μεγίστην
841 1306 1030 1395 despiciente)
1049 1313 1172 1379 contet
1182 1338 1234 1378 su·

133 1418 191 1481 pra
203 1404 308 1457 notata
322 1395 360 1453 nd
375 1397 468 1453 Mort.
485 1395 610 1474 Peregr.
625 1417 650 1455 c.
667 1399 719 1460 25.
741 1398 855 1456 Rarus.

216 1497 294 1559 ibid.
316 1492 499 1577 Νεχραίοις)
522 1495 680 1570 Quaenam
702 1498 764 1556 ista
777 1496 872 1575 gens?
907 1496 992 1573 Quid
1005 1499 1032 1558 si
1051 1482 1233 1564 Auchosiss

133 1602 263 1664 reponas
274 1581 289 1638 'l
312 1581 432 1642 Sonnn.
474 1580 648 1653 Νυσσαίονς
661 1582 845 1660 conjiciebat
858 1583 963 1645 Belin.
980 1584 1051 1643 Bra.
1176 1614 1179 1619 ·

216 1682 287 1746 esd.
308 1681 331 1744 l.
355 1682 383 1738 8.
406 1673 460 1743 Ἢ
475 1676 531 1755 τῆς
552 1679 727 1759 καθέδρας)
756 1678 907 1763 Καθεδρα
929 1678 983 1739 bic
999 1682 1073 1763 ipse
1102 1684 1233 1747 sedentis

134 1766 257 1827 babitus
280 1773 371 1840 atque
394 1764 488 1834 situs,
517 1774 553 1823 ut
576 1761 755 1837 κατάκλισις
777 1785 869 1843 suprs
891 1764 930 1823 de
951 1776 1052 1826 morte
1066 1768 1232 1848 Peregm.

132 1854 186 1913 25.
205 1849 231 1914 f.
258 1842 329 1912 οὐδ’
355 1839 429 1910 ὅσον
448 1841 550 1930 σ’ίίχοτ
570 1849 778 1928 ἐντρέψαντες
798 1846 857 1924 τῆς
881 1850 1101 1925 κατακλίσεως.
1132 1852 1234 1913 Etiam

134 1935 208 1995 alias
228 1932 370 2012 καθέδρα
393 1951 456 1989 non
475 1933 572 2010 ipsam
591 1935 713 2005 sedem,
735 1955 760 1993 s.
775 1930 824 2006 id,
843 1933 876 1991 in
898 1953 959 2013 quo
979 1933 1123 2013 sedetur,
1140 1945 1233 2009 notat,

134 2017 189 2077 sed
210 2018 394 2089 sessionem,
416 2034 532 2073 morsm
552 2013 708 2074 desidendi
730 2025 790 2077 etc.
814 2016 854 2080 V.
869 2034 899 2093 g.
921 2016 1056 2093 Thucyd.
1074 2018 1117 2093 ll,
1132 2022 1183 2083 18.
1202 2020 1234 2084 ἓν

134 2095 264 2183 τοιαύτῃ
289 2092 366 2184 α’ρχῇ
387 2091 404 2161 d
427 2091 559 2179 στρατός
578 2091 635 2162 eds
657 2092 848 2181 Ἀρχίδαμον
870 2098 903 2162 ἕν
924 2096 962 2182 τῇ
975 2099 1121 2183 καθέδρᾳ
1142 2100 1234 2183 εἶχεν,

129 2196 259 2265 psopter
274 2204 398 2240 nicrum.
424 2181 571 2240 Ostendit
585 2184 628 2241 ibi
646 2185 814 2255 Wasss'us,
835 2202 1026 2261 synonymon
1047 2200 1116 2246 esse
1133 2182 1234 2249 καθί·

133 2271 212 2347 δραν
224 2262 381 2345 ἐπιμονῆς,
399 2262 595 2348 ἐπισχέσεως,
615 2266 719 2344 ἕδρας,
743 2262 919 2347 διατριβῆς,
937 2262 1108 2346 sicopolis,
1127 2268 1234 2351 χιονῆς,

133 2376 164 2417 ς.
186 2377 210 2414 ς.
237 2356 265 2415 λ.
297 2348 620 2429 Nequeflobliviscitur
641 2351 702 2407 loci
734 2351 918 2422 Plutarchi,
947 2348 1080 2409 Camillo
1108 2372 1138 2431 p.
1160 2354 1231 2417 260.

137 2438 180 2496 H.
196 2433 345 2513 Stephon.
359 2427 415 2509 ἥτε
430 2425 508 2512 πρδς
521 2430 566 2525 τῷ
586 2432 777 2516 Καπιτωλίῳ
802 2431 942 2515 καθέδρα
958 2432 1014 2498 καί
1030 2428 1132 2517 statui
1149 2458 1234 2519 ysso-

100 2508 108 2525 '
131 2512 210 2601 μίνη
221 2508 358 2601 χρόνιος.
380 2515 483 2579 Gasu.
1134 2522 1138 2529 '

216 2619 285 2682 ead.
305 2616 329 2678 1.
348 2619 398 2681 15.
429 2610 491 2681 Τόν
512 2610 744 2696 ὀπισθόδομον)
779 2616 830 2677 Ne
846 2617 908 2679 'cni
935 2616 1020 2685 sorte
1045 2616 1233 2683 Ssboliasue

130 2702 297 2761 auctoritas
316 2700 468 2780 imponet,
497 2720 560 2760 non
580 2710 628 2759 est
649 2700 700 2759 hic
724 2721 825 2760 sermo
841 2700 879 2761 de
893 2702 948 2761 illo
966 2702 1100 2765 Palladis
1116 2706 1232 2777 irisrce

131 2782 324 2845 Athenarum
337 2783 550 2863 opisthodomo
557 2831 568 2859 ,
589 2783 643 2843 sed
657 2785 696 2844 de
708 2784 828 2865 postico
845 2785 953 2866 templi
971 2786 1058 2847 lovis
1080 2786 1232 2869 Olympii,

130 2867 215 2948 qnod
228 2867 416 2927 auditorium
429 2868 525 2928 luisse
539 2868 759 2948 praeconibus,
779 2866 987 2948 philosophis,
1009 2879 1044 2929 et
1067 2870 1231 2953 quieuere

129 2971 201 3011 cum
222 2950 421 3010 multitudine
439 2952 573 3026 vellent,
606 2951 644 3009 ad
663 2951 854 3031 superiorem
882 2952 922 3011 de
948 2962 1051 3015 morte
1070 2952 1231 3037 Peregrini

126 3034 268 3096 libellum
284 3035 357 3093 satis
371 3043 526 3094 ostensum
542 3043 600 3096 est.
619 3034 691 3095 Vid.
707 3035 745 3094 sd
760 3056 788 3101 c.
805 3036 856 3096 32.
875 3034 979 3102 (ἔτεα.

213 3136 299 3213 Pag.
319 3135 390 3198 501.
404 3133 426 3199 l.
440 3152 470 3195 2.
494 3134 684 3214 Αἰθιοπίαν)
705 3135 839 3211 Quinam
854 3136 899 3198 ibi
915 3136 1094 3218 philosophi
1112 3160 1231 3201 memo·

125 3217 258 3278 rantur?
285 3218 403 3278 sotis.
445 3218 624 3297 Respondet
647 3220 873 3291 Welsnds‘aa,
908 3240 974 3281 esse
1001 3220 1063 3281 hos
1094 3224 1231 3301 Gymno-

124 3300 283 3378 sophistas
310 3301 380 3359 illos
407 3302 627 3381 Aethiopicos,
662 3303 719 3384 qni
740 3323 759 3363 e
777 3304 971 3366 Philostrati
989 3306 1058 3369 vit.
1082 3306 1228 3389 Apollcu.

124 3383 366 3444 satissintnoti.
386 3384 496 3445 Lanu.
1139 3416 1142 3421 ·
1206 3430 1209 3435 -

209 3484 277 3543 eati.
289 3483 312 3546 ί.
333 3484 378 3543 15.
399 3466 567 3567 Ἔταίρους
583 3486 637 3550 καί
658 3480 823 3566 μαθητδς)
848 3454 1228 3573 Honestioresdisdipulos

122 3564 264 3648 ἑταίρους
278 3568 400 3641 vocari,
422 3568 484 3627 vid.
499 3570 580 3648 apud
598 3572 627 3631 J.
642 3573 763 3631 Elsner.
777 3572 817 3631 ad
832 3572 951 3652 Evang.
964 3576 1085 3635 Maur.
1103 3574 1229 3652 XXVI,

123 3652 175 3711 50.
196 3651 250 3711 ubi
265 3660 297 3709 et
310 3649 407 3712 tudae
420 3653 463 3710 ait
476 3653 639 3714 Servatur:
659 3656 779 3736 ἑταῖρε,
796 3649 851 3736 ἐφ’
865 3648 894 3740 ql
905 3652 1001 3739 πάρει
1004 3684 1019 3737 ς
1039 3658 1096 3721 sed
1118 3658 1181 3721 1100
1194 3660 1230 3720 in

120 3734 232 3813 vulgus
249 3743 368 3795 notum.
390 3736 505 3796 Rana.
1194 3748 1199 3763 '

205 3832 285 3894 ibid.
305 3833 371 3896 Καί
385 3831 493 3912 ἄλλον)
520 3834 674 3915 Ephesius
695 3834 749 3898 ille
771 3838 950 3903 Heraclitus
967 3850 1035 3915 est,
1057 3842 1230 3907 usseriu-

118 3934 178 3977 nus
193 3915 400 3991 Democritus,
422 3940 512 3998 quem
529 3929 561 3978 et
574 3920 730 3981 Milesium
743 3923 866 4003 quidam
880 3926 1050 3987 tradidere.
1068 3928 1113 3991 V.
1126 3930 1228 4011 Diog.

116 4002 225 4062 Latrt.
248 3998 286 4059 In
308 3998 441 4061 Scholiis
459 4004 615 4086 impressis
637 4007 903 4087 perturbatissime
921 4008 998 4073 liaeo
1021 4018 1115 4075 anm
1137 4020 1228 4075 aaut

116 4084 228 4145 omnis.
248 4084 368 4146 snus.
