2506 4672
306 274 909 403 recusaturus-mumanae
976 268 979 275 ¹
1067 304 1189 377 ,553'

55 531 89 567 ca
98 556 111 589 ,
126 509 221 568 immo
235 514 267 567 et
284 496 431 586 quaedam
443 500 515 571 dolo
531 500 612 563 malo
625 490 832 565 subsarcinatis
838 546 849 578 ,
870 490 1079 583 reliqueruntr
1113 456 1160 574 ds

55 593 108 653 liic
132 613 204 652 sane
227 589 306 651 nihil
325 589 386 649 tale
412 596 567 668 patratum
593 585 753 666 pertendo.
803 585 882 646 Nam
903 587 987 668 quod
1010 587 1088 650 illud
1108 588 1165 666 trel

54 673 178 760 τούτῳ,
195 675 242 735 -ad
257 675 355 733 scelus
368 670 493 751 aliquod
507 670 686 749 Peregrini,
715 667 893 748 quodnuno
910 670 1083 749 exciderit,
1109 694 1161 735 re·

54 763 135 820 ferri
152 761 267 834 volunt,
289 777 362 817 mox
378 755 539 816 diluemus.
592 752 832 828 Quaestionibns
845 753 884 812 de
898 751 1082 818 Christianis
1097 755 1161 818 bs..

54 846 170 904 bendis'
191 863 251 902 uno
271 862 348 921 opus
372 836 509 898 erathoc
523 837 669 910 crimine,
695 835 721 895 si
747 837 923 896 Christiani
946 839 1181 914 deterrentium*
1237 842 1240 851 ’

55 950 111 986 sen
134 926 214 1007 quod
240 925 316 985 adeo
339 923 538 982 invaluissent
558 918 746 991 calumniae„
777 919 888 999 quibus
909 922 1043 983 nefanda
1064 925 1159 1005 vulgo

56 1011 297 1090 perhibebantur
317 1009 400 1066 inter
422 1025 455 1064 ss
480 1005 596 1065 scelera
621 1011 761 1082 patrare;
798 1023 852 1066 seu
873 1004 955 1085 quod
974 994 1173 1084 religionum¹

55 1097 170 1174 ubique
178 1103 376 1171 receptarum
390 1087 566 1164 subversio,
597 1095 629 1146 et
647 1086 724 1146 adeo
741 1083 911 1151 atheisruus
933 1089 1012 1170 falso
1036 1091 1076 1149 iis
1090 1090 1161 1151 effi·
1246 1104 1248 1109 “

56 1189 135 1254 ctus,
157 1179 259 1236 omnia
275 1192 463 1251 exsuperans
477 1172 604 1244 scelera,
625 1167 716 1229 ¹nelas
729 1168 909 1235 habebatur.
927 1201 928 1204 ¹
949 1172 1102 1244 Consule,
1132 1168 1162 1235 si

53 1264 153 1328 lubet,
174 1261 212 1319 de
228 1257 390 1327 calumnia,
412 1257 503 1336 quarn
520 1255 597 1330 dixi,
619 1256 705 1319 Min.
719 1254 864 1323 Felicem.
904 1257 1176 1338 Dequaestiouio

54 1349 114 1407 bus
128 1363 215 1414 vero,
235 1343 343 1400 Plinii
358 1341 511 1420 epistolas.
526 1330 617 1401 ''uot
627 1331 724 1417 rudem
737 1358 812 1414 ergo
829 1349 861 1399 et
876 1338 928 1401 liic
940 1340 974 1402 id
988 1338 1087 1403 solum
1103 1342 1167 1403 de-·

57 1432 175 1507 signat,
197 1424 278 1505 quod
294 1443 387 1503 supra
399 1422 499 1498 dixit,
519 1441 631 1502 nempe
648 1421 731 1502 quod
748 1420 942 1493 Christianus
953 1433 988 1485 et
1007 1424 1163 1487 Christis·
1243 1466 1246 1470 ·

22 1543 27 1553 ·
57 1532 170 1572 norum
188 1510 297 1568 doctor
310 1508 437 1570 noxiosi
452 1505 603 1573 nominis:
633 1503 716 1586 quod
734 1522 790 1584 per
801 1527 835 1565 se
849 1507 911 1588 jam
924 1507 1095 1590 liquidum,
1120 1528 1164 1570 ex

59 1594 226 1671 abundanti
256 1602 359 1652 tarnen
383 1591 471 1652 lubet
497 1590 681 1666 confirmare
700 1609 742 1648 ex
761 1592 977 1670 sequentibus;
1018 1593 1188 1670 dimitsus¹
1232 1620 1235 1625 ·

60 1687 143 1740 enirn
165 1700 182 1737 a
206 1675 314 1756 Syriae
328 1676 489 1747 Praefecto
504 1674 687 1754 Peregrinus
709 1671 842 1751 dicitur,
874 1670 989 1758 qu‘ippe
1015 1673 1164 1737 cui'nihil

61 1763 159 1836 aliud,
183 1783 272 1842 quam
289 1759 371 1841 quod
388 1757 580 1818 Christianus
601 1764 705 1826 esset,
739 1758 861 1818 crimini
881 1769 957 1820 tunc
978 1759 1083 1823 detaut
1107 1769 1163 1829 est,

62 1849 184 1906 Sonnn.
241 1845 315 1904 Non
337 1840 462 1923 apparet
478 1840 555 1902 mibi
575 1839 627 1900 bic
648 1841 776 1900 lacunae
794 1841 954 1909 indicium.
1009 1843 1166 1904 Particuls

61 1929 136 2013 ysaia
158 1928 319 1988 commode
341 1927 490 1987 lectorem
509 1934 634 2009 revocet
655 1945 673 1983 u
693 1925 861 2004 Peregrino
880 1927 918 1986 ud
943 1947 998 2004 es,
1026 1946 1104 2009 quae
1126 1926 1167 1987 ds
1199 1968 1203 1981 ·

65 2015 246 2074 Christianis
271 2011 375 2071 dicere
390 2011 548 2070 lucianus
567 2007 681 2070 voluit.
721 2008 764 2069 Et
784 2008 859 2089 quid
877 2008 1167 2092 poterant’enade're
1237 2072 1240 2096 Ι

64 2096 203 2158 homines
219 2097 311 2174 tnagis
325 2096 579 2156 contumeliosum
593 2082 666 2164 his,¹
690 2113 768 2174 quse
783 2091 882 2154 adhuc
895 2092 1044 2174 legimus?
1080 2092 1167 2154 Cae-

63 2193 166 2242 terum
179 2180 325 2248 viderint‚
343 2180 396 2259 qui
411 2187 546 2258 possunt,
565 2199 604 2238 an
618 2197 679 2237 uon
692 2175 786 2260 pr'yirs
799 2176 851 2238 hic
863 2170 983 2242 dederit
997 2178 1166 2253 Ennianus,

65 2266 118 2326 sed
138 2261 255 2348 μάγου,
285 2263 497 2343 pervulgatum
522 2264 657 2338 crimen,
693 2260 855 2323 aludaeis
879 2266 1001 2335 ortum,
1037 2264 1168 2328 utalia·
1196 2286 1199 2303 ³

67 2352 168 2412 Gesn.
204 2350 257 2407 [lis
272 2346 351 2406 nihil
363 2347 526 2409 admodum
541 2345 638 2405 habeo
652 2346 734 2445 guod
749 2346 869 2411 addam.
898 2346 1069 2428 Liquidum
1084 2348 1168 2409 enirn
1189 2358 1192 2363 “

66 2455 132 2493 esse
147 2442 237 2510 puto,
272 2433 453 2490 sententiam
476 2431 608 2491 uverbis
633 2452 687 2492 του
707 2427 804 2511 με’μαυ
826 2429 902 2515 γοῦν
916 2462 957 2479 ·-
976 2432 1009 2507 s’e
1028 2425 1084 2495 cdv
1097 2431 1169 2513 βίον

65 2528 209 2595 tanquam
227 2510 467 2596 parenthetiram
480 2534 555 2589 esse,
573 2523 604 2573 et
620 2514 835 2594 explicationis
854 2513 977 2594 quidem
996 2534 1099 2575 caussa
1116 2514 1169 2574 in·
1232 2560 1235 2568 ,

66 2610 195 2672 sertam,
220 2600 262 2656 ita
272 2639 283 2668 ,
304 2606 341 2656 ut
363 2599 498 2658 narratio
519 2599 557 2659 ab
576 2595 752 2680 ἐπέγραφον
773 2599 812 2658 ad
838 2590 917 2662 Teisa
933 2592 973 2681 δὴ
985 2599 1039 2662 stul
1057 2604 1171 2675 ουλλη·
1208 2612 1211 2617 “

68 2684 163 2767 φθοῖς
183 2682 234 2746 s'nl
256 2675 452 2762 scirnbene
481 2681 639 2764 procedat.
679 2681 772 2759 Quod
799 2692 901 2743 sutcnr
927 2683 1090 2765 lectionem
1116 2676 1171 2751 svis
1189 2678 1217 2703 ‘'

66 2767 164 2852 μέγαν
184 2767 310 2843 attinet,
329 2767 497 2845 aegerrime
517 2768 629 2835 vellem
654 2767 810 2845 esurhloco
823 2767 962 2838 moveri.
988 2764 1072 2828 Salsa
1088 2767 1172 2829 enirn

68 2854 154 2933 qussi
166 2850 335 2930 petulantia
348 2859 414 2927 est,
434 2871 509 2911 vere
523 2853 575 2911 illa
590 2850 747 2910 Lucianea
755 2897 766 2927 ,
786 2851 821 2911 in
843 2850 1041 2911 dissimilibus
1060 2850 1173 2930 imagi-

67 2939 161 2997 nibus
181 2937 311 3013 junctis,
332 2939 443 3015 magni
462 2935 546 3005 illius
565 2933 700 2995 hominis
726 2944 758 2994 et
777 2936 865 2996 cruci
880 2927 985 3015 offici.
1006 2935 1175 2996 'Praeterea
1200 2970 1203 2981 ·

69 3019 88 3083 ὁ
101 3021 196 3101 μέγας
210 3021 321 3079 clarius
336 3019 438 3078 reddit
452 3018 616 3079 discrimen
630 3015 735 3098 hujus,
758 3019 811 3101 qui
825 3012 895 3083 κατ’
912 3011 1018 3103 ἕξοχῆυ
1029 3018 1077 3079 sic
1092 3017 1174 3078 dici-

69 3113 139 3177 tur,
161 3115 192 3162 et
211 3103 368 3181 Peregrini
390 3102 481 3162 modo
505 3103 581 3163 dicti
599 3101 794 3182 νομοθέτου,
823 3096 1001 3184 προστάτου
1018 3109 1080 3164 etc.
1121 3101 1174 3161 Sic

71 3186 184 3244 deinde
206 3186 274 3244 loco
294 3207 350 3246 suo
372 3184 535 3271 σ’πρῶτος
555 3187 747 3266 νομοθέτης,
784 3186 838 3268 qui
858 3188 941 3248 idem
963 3192 1010 3248 est
1028 3182 1175 3246 Cha-istus

70 3271 147 3348 ipse,
168 3269 353 3329 discernitur
367 3273 404 3331 ab
418 3274 464 3348 iis,
484 3273 535 3352 qui
549 3273 707 3333 subsecuti
718 3280 800 3346 sunt,
818 3270 1101 3332 coetusClrristisni
1114 3269 1175 3329 do-
1240 3304 1243 3309 ·

72 3355 210 3412 ctoribus
223 3373 257 3409 ac
275 3355 474 3430 praesidibus,
493 3359 526 3414 in
541 3355 651 3435 q‘uibus
665 3354 745 3434 quod
761 3356 852 3416 etiam
868 3353 1054 3435 Peregrinus
1065 3352 1176 3422 fuisse,
1213 3404 1216 3409 ,

71 3438 224 3504 traditur,
253 3434 335 3494 haud
359 3458 432 3496 sane
455 3438 488 3496 id
509 3437 714 3503 honorificum
741 3438 805 3499 tait
822 3439 907 3501 illias
932 3432 1002 3501 aeui
1023 3430 1176 3501 lintribus

73 3520 267 3582 Christianis.
311 3520 363 3579 Sic
376 3529 461 3580 certe
473 3522 536 3597 illi,
567 3531 604 3581 nt
618 3542 687 3581 cum
701 3523 853 3582 Neandrc
870 3520 1041 3585 venerabili
1055 3523 1177 3603 loquar,
1224 3542 1232 3549 ·

72 3604 262 3683 simplicitati
287 3624 359 3663 snae
383 3604 574 3665 columbinae
593 3606 772 3667 nesciebant
782 3607 910 3686 jungere
924 3605 1084 3687 anguinum
1098 3624 1178 3689 pru·
1207 3616 1211 3624 '
1245 3618 1248 3623 '

73 3689 219 3751 dentiam.
263 3688 388 3767 Quippe
411 3690 567 3748 columbas
582 3699 702 3770 constet
716 3688 806 3751 facile
822 3690 925 3771 decipi
938 3708 1046 3771 posse.
1066 3690 1178 3751 Lsnsr.

158 3777 243 3851 Pag.
252 3789 324 3848 270.
340 3771 362 3834 l.
371 3768 402 3833 4.
432 3775 472 3837 Oi
483 3773 670 3850 Χριστιανοὶ
683 3767 849 3855 συμφορᾶυ
862 3798 926 3841 ποι.
940 3767 979 3839 sd
991 3769 1061 3855 πρ.)
1076 3772 1195 3849 Quum.

75 3857 274 3915 observantes
288 3855 408 3914 suerint
422 3860 595 3936 praecepti,
620 3858 701 3939 quod
715 3858 855 3940 Apostol.
870 3858 908 3918 ad
922 3859 1020 3920 Hebr·
1034 3856 1129 3927 XIII,
1149 3858 1181 3918 3.
1224 3862 1228 3872 ‘

74 3941 195 4008 verbis,
221 3936 432 4019 μιμνήσκεσθε
446 3937 672 4022 τῶνδεσμὶωυ,
693 3937 738 4016 οἷς
753 3938 977 4025 συνδεδεμένοι,
998 3940 1102 4013 dedit,
1130 3940 1183 3999 lu-

74 4024 285 4086 culentissimc
299 4023 350 4085 hic
364 4025 538 4087 Lucianum
553 4025 708 4088 declarare
721 4028 908 4106 testimonio,
929 4032 1037 4089 monet
1049 4025 1079 4086 Ι.
1089 4024 1183 4097 ¹dilen.
1242 4078 1246 4086 .
