2506 4672
11 282 61 305 ”
121 292 197 371 54⁰
398 312 986 367 samosatenae·
1113 384 1118 393 Ι

120 502 176 566 des
195 504 231 564 P.
245 500 367 578 Fabro,
395 498 449 561 irio
468 498 634 574 asserenti,
653 516 716 558 non
739 498 895 577 integrum
912 496 950 559 sd
976 518 1037 561 nos
1049 502 1247 583 pervenisse

91 642 95 659 ,
120 587 182 649 hoo
196 586 395 665 opusculum:
417 604 535 645 emesae
551 584 633 642 enim
652 603 743 657 eum,
772 582 932 643 ostendens
951 582 994 665 ¹ad
1014 604 1050 653 ο.
1067 586 1248 650 multisne

120 671 229 734 verbs.
272 669 431 748 Repertus
446 677 503 743 est,
524 668 578 748 qui
591 668 816 745 suspicaretur,
835 665 896 727 hoo
910 669 1048 737 nominis
1065 690 1086 729 a
1099 670 1246 733 Lucieno

121 757 153 816 ei
165 753 311 827 inditum,
326 750 584 812 'utUhristienam
600 751 803 830 religionem,
820 753 1027 831 peregrinum
1044 751 1199 827 seilicet,
1218 764 1247 817 et

120 859 140 901 s
160 838 257 898 sacris
281 836 474 916 Graecorum
496 836 644 905 alienam,
684 833 886 895 deridendam
908 848 1108 915 proponeret
1154 836 1247 923 (vide

120 922 226 983 Pauli
249 919 428 999 Vindiugii
450 929 509 979 eto.
524 938 555 998 p.
574 921 601 977 5.
612 914 638 997 )
669 917 831 995 Absurde}
838 919 880 980 V.
903 920 943 977 A.
957 920 1040 985 Geli.
1056 920 1158 999 Vm,
1172 924 1204 985 3.
1218 932 1247 985 et

121 1004 200 1082 XII,
218 1022 266 1065 ιι.
287 1002 389 1063 Natus
404 1004 518 1063 eratin
534 1001 648 1082 oppido
663 1000 859 1084 Hellesponti
874 1002 984 1078 Pario,¹
1001 1012 1043 1067 ut
1060 1026 1109 1069 ex
1128 1008 1246 1069 Nostro

87 1131 90 1134 -
121 1090 229 1170 liquet
256 1088 472 1149 Meminerant
491 1084 663 1145 honorifice
687 1094 753 1144 tum
770 1086 1057 1151 &altinshusen
1074 1092 1246 1173 Maxim

123 1175 237 1251 syrim
258 1170 342 1231 Diss.
362 1171 419 1232 111.
440 1171 483 1233 V.
505 1180 536 1228 et
562 1170 688 1229 Tertull.
710 1169 748 1229 sd
767 1170 901 1249 Martyr.
921 1189 986 1250 esp.
1009 1174 1044 1237 8.
1067 1174 1197 1235 Euseb.
1215 1176 1246 1235 in

122 1256 241 1320 chron.
262 1253 391 1333 Olymp.
403 1252 617 1315 ccxxxvl.
631 1255 760 1317 Tatian.
772 1273 867 1316 serm.
882 1252 919 1314 sd
937 1252 1053 1317 Graea-
1087 1256 1147 1321 Ad
1166 1258 1245 1321 hune

28 1396 32 1401 .
121 1341 272 1402 Proteum
287 1339 464 1416 respexisse
479 1338 642 1396 Pollucem
663 1334 745 1417 apud
758 1336 989 1399 Philostratum
1001 1358 1075 1421 pag.
1099 1330 1181 1427 593.
1194 1344 1245 1403 vir

120 1422 245 1485 dubito.
285 1417 487 1498 Peregrinum
503 1418 652 1500 quendam
665 1420 749 1479 inter
761 1420 915 1499 Martyrei
940 1422 999 1481 sub
1013 1418 1244 1488 M.·Antoniuo

121 1508 210 1568 Vero
222 1506 380 1566 recenseri
393 1506 427 1564 in
442 1506 620 1585 Regiuonis
633 1501 805 1579 Chronico,
832 1506 1199 1591 testatur-Viudingius
1214 1528 1242 1591 p.

103 1592 155 1653 ’4.
175 1587 252 1651 Vid.
272 1588 354 1670 apud
376 1589 479 1667 Xiph.
493 1590 527 1647 in
550 1586 625 1646 Adr.
650 1583 721 1649 206·
746 1586 783 1650 C.
801 1586 993 1668 Euphratem
1012 1588 1244 1675 philosophum

120 1693 243 1739 veneno
256 1674 341 1732 ultro
355 1670 464 1732 hausto
478 1672 573 1733 vium
591 1670 762 1733 finientem,
777 1672 901 1736 somn.
916 1671 1083 1751 Stephano
1093 1678 1244 1757 LsMoy-

122 1781 163 1821 ne
183 1758 219 1818 in
240 1756 363 1835 Proleg.
383 1755 421 1815 sd
440 1758 517 1819 Var.
536 1756 629 1815 Sacra
644 1753 700 1819 fol.
720 1775 769 1816 10.
788 1756 915 1816 videtur
929 1757 1099 1825 Lucienus
1113 1762 1243 1821 illudere

32 1880 37 1891 ·
121 1844 259 1907 noluisse
278 1838 338 1902 hoe
361 1841 468 1903 libello
485 1842 633 1918 martyrio
650 1840 842 1919 Polycarpi,
870 1838 931 1899 hoe
953 1839 1023 1919 ipso
1047 1842 1146 1905 forte
1167 1864 1243 1906 suno

122 1924 281 2000 cromatia
297 1932 391 2004 etque
412 1945 447 1983 eo
462 1939 585 1985 tentum
591 1925 662 1999 fine
683 1936 713 1983 et
730 1926 865 1999 oonsilio
878 1923 1117 1989 traducendum
1140 1922 1244 1989 susee-

120 2015 209 2093 pisss
225 2008 439 2086 Peregrinum,
465 2020 501 2067 ut
514 2007 711 2067 Christianos
722 2009 827 2071 eodem
838 2020 1024 2088 arguuuuto
1047 2012 1242 2089 traduesrst,

123 2097 182 2178 qui
195 2092 242 2153 ad
254 2094 439 2169 martyrium
450 2104 559 2170 sponte
570 2112 659 2151 ruere
671 2090 876 2169 uidebantur,
897 2096 996 2173 etqui
1007 2092 1244 2177 ‹le-martyrum

122 2196 266 2251 suorum,
284 2175 449 2255 Polycarpi
462 2175 659 2255 praesertim,
686 2176 876 2255 fhrtieuciins
888 2176 1128 2256 gloriabantur
1142 2182 1244 2241 euri·

125 2259 332 2341 ampliabant.
374 2259 476 2335 Hunc·
491 2258 692 2337 Peregrinum
719 2278 784 2319 non
807 2261 926 2337 minus,
954 2280 1050 2341 quem
1076 2262 1245 2325 Simonem

123 2346 276 2425 Magum„
296 2341 499 2423 Apollonium
521 2342 731 2422 Tyanensern,
757 2343 889 2405 Satanae·
904 2344 1026 2405 artibus
1041 2348 1244 2419 suscitatum,

148 2429 182 2489 ui
202 2426 352 2489 iuvidiam
367 2420 557 2487 'Christianis
574 2426 693 2488 iaceret
709 2436 771 2488 eto.
803 2427 933 2505 Nereia,
964 2438 1128 2510 qnantum
1150 2430 1245 2495 nnat

168 2508 452 2591 bestedujeeturae
464 2510 785 2592 viriingeniosissimi.
827 2510 935 2575 Certe.
948 2510 1011 2573 hoe
1034 2514 1156 2593 video,
1181 2534 1246 2577 non

123 2616 184 2678 per
202 2594 364 2657 euuiouloe
386 2595 510 2676 aggredi
524 2616 581 2656 nos
601 2596 704 2656 solere
722 2596 908 2659 Lneianum.
948 2597 1109 2659 Diessnus
1128 2598 1247 2661 deinde

123 2678 244 2763 aliquid
267 2678 308 2739 de
328 2680 453 2741 vadari
471 2681 643 2761 Peregrini
661 2700 732 2740 oum
753 2682 928 2761 Polycarpi
950 2682 1101 2745 eolssmbu
1115 2686 1247 2767 comps-

122 2773 204 2827 rato.
226 2762 330 2827 Gran.
370 2763 480 2825 Fidem
500 2762 595 2845 hujus
613 2764 799 2826 narrationis
818 2758 998 2836 historieim
1021 2766 1126 2829 certis
1149 2788 1252 2851 ergu··

124 2847 238 2911 ruentis
260 2849 406 2927 probavit
425 2848 632 2911 Weiondius
649 2848 685 2908 in
707 2849 856 2927 singulari
868 2868 1004 2909 excursu
1012 2894 1026 2925 ,
1044 2848 1247 2935 interprete·

123 2932 206 2994 tioni
219 2930 352 3012 adjecto,
365 2933 446 2993 'Pom
458 2933 518 2993 111.
534 2952 566 3012 p.
580 2933 630 3010 93.
638 2966 681 2981 -
690 2950 704 2993 1
712 2952 759 2997 ιο.
801 2935 852 2995 De
866 2934 995 2994 oonsilio
1007 2942 1119 2997 auteur
1128 2948 1245 3013 sueto·

124 3016 171 3080 ris
191 3036 220 3079 s.
244 3016 332 3096 1789.
352 3016 386 3076 in
406 3025 630 3096 programmate
643 3014 834 3077 scholastico
854 3018 918 3097 egit
936 3014 966 3080 J.
989 3014 1028 3083 G.
1044 3018 1079 3079 8.
1097 3020 1244 3091 Germar,

123 3101 276 3180 inscripto
291 3100 364 3161 illo:
385 3101 549 3180 Symbolea
564 3099 603 3161 ad
617 3102 749 3161 Luoiani
765 3102 879 3162 Samos.
899 3100 939 3162 de
953 3102 1062 3163 Morte
1078 3104 1245 3187 Peregrini

124 3184 266 3247 libellum
281 3186 396 3245 rectius
409 3185 632 3245 aestimandum
646 3193 756 3245 contre
770 3186 800 3249 b.
824 3184 1012 3249 Wauiium
1030 3188 1244 3267 potissimum,

124 3288 229 3348 nuper
243 3267 494 3349 Gottingensem3
516 3270 540 3333 i.
563 3280 721 3331 econtra
744 3269 836 3351 hujus
858 3270 1114 3351 Expliestiouem
1132 3294 1243 3349 rerum

127 3351 372 3413 Christianarum
392 3353 473 3433 apud
484 3354 659 3412 Lucienum
679 3352 717 3412 de
729 3355 836 3414 Morte
849 3355 973 3435 Peregr.
995 3354 1031 3415 in
1046 3350 1243 3419 continenti.

42 3471 44 3475 ·
125 3437 242 3498 Societ.
260 3434 401 3516 Gotting.
414 3438 507 3500 Tam.
518 3438 604 3499 VIII.
619 3458 651 3518 p.
670 3457 696 3497 ι.
712 3457 759 3519 sq.
781 3437 864 3519 quod
881 3440 1025 3499 Germari
1051 3442 1243 3521 opnieulum

125 3540 200 3580 eum
212 3520 281 3579 aliis
298 3521 435 3600 ejusdem
448 3521 606 3584 viridanti
627 3541 728 3603 nuper
750 3542 895 3583 recusum
915 3521 1034 3603 prodiit
1053 3523 1091 3585 iu
1104 3526 1244 3587 Melete·

126 3604 221 3664 matis
233 3602 500 3668 Thorunensib'ns.
511 3606 583 3669 Hal.
605 3609 695 3672 1822.
742 3604 777 3666 ld
794 3612 898 3667 autern
916 3607 979 3686 agit
997 3607 1044 3667 ibi
1058 3608 1245 3684 Germurus,

126 3697 166 3748 ut
188 3687 328 3749 ostendat
344 3690 478 3751 Luciani
496 3689 675 3771 proximum
697 3692 861 3751 eonsilium
886 3691 921 3751 in
941 3692 1176 3757 eouseribeudo
1188 3694 1244 3757 illo

72 3782 75 3787 '
127 3769 236 3831 libello
252 3789 315 3829 uon
334 3773 449 3852 inisse,
479 3785 515 3836 ut
527 3773 733 3852 Christianos,
757 3774 812 3836 sed
833 3784 870 3835 ut
887 3774 1020 3854 Cynicos
1041 3778 1245 3857 potissimum

128 3863 163 3915 et
175 3853 336 3930 Peregrini
354 3855 495 3919 defuncti
509 3859 748 3939 praestigiatoris
763 3859 964 3919 admiratores
979 3868 1103 3938 peteret
1119 3872 1155 3923 et
1166 3862 1246 3925 irri-

126 3936 236 4014 deiet3
258 3935 448 4002 Christianos
464 3943 588 4003 nonnisi
600 3944 701 4004 obiter
714 3946 798 4021 tangi
815 3953 848 4003 et
861 3950 1012 4024 quatenus
1024 3942 1058 4003 id
1072 3965 1155 4027 opus
1169 3948 1245 4009 Ine-

127 4025 174 4084 rit
190 4020 229 4083 sd
242 4021 340 4082 vitam
353 4032 386 4083 et
399 4046 499 4086 mores
518 4027 680 4104 Peregrini
700 4028 774 4087 satis
792 4026 984 4091 illustrando.
997 4024 1066 4103 305.
1089 4048 1173 4111 quse
1191 4032 1246 4093 in·

128 4106 180 4169 Ira
201 4105 363 4249 alipium
382 4110 484 4173 locum
507 4111 547 4172 de
572 4109 920 4195 Christianisugenteus
940 4130 969 4175 e.
994 4120 1118 4197 susq.
1137 4122 1245 4179 notetis

130 4202 212 4255 sunt.
258 4210 337 4253 ιιιιι.
795 4210 798 4214 “
908 4238 913 4245 -
1141 4236 1144 4243 ·
