2506 4672
100 252 176 358 bib
371 306 931 369 snetorarronst

130 492 133 503 '
187 492 266 559 ibid.
292 487 356 557 7b⁸s
369 489 465 575 uires
477 487 575 576 queis)
602 494 701 555 istaec
722 492 833 554 vocula
854 485 953 572 γοῦν,
981 496 1018 561 et
1040 506 1181 551 sensus]

105 582 201 655 pente
222 579 373 657 abruptus
392 578 464 636 satis
485 578 623 638 indicant
629 626 640 655 ‚
668 578 766 639 multa
788 576 878 635 hioa
902 574 1055 637 Lucieno
1078 570 1181 637 adver:

108 656 268 720 Christum
288 661 404 741 scripta
423 660 537 737 inisse,
558 682 636 742 quae
656 684 674 722 a
700 661 864 741 majoribus
883 658 1023 735 nostris,
1047 657 1181 719 hominil

108 742 240 803 nimium
261 745 338 823 piis,
364 745 482 804 sublata
508 744 609 805 luere.
653 746 737 805 Hine
757 744 862 824 itaque
883 750 951 816 est,
992 744 1090 823 quod
1104 740 1181 807 ,dixe

109 825 245 902 Saldae,
265 828 437 891 Lucienum
449 824 677 895 καθάπτεσθαι
697 826 755 894 τοῦ
766 824 1040 911 Χριστιακισμαῧ,
1063 824 1122 893 καλ
1142 820 1181 891 αὖ

109 909 302 992 βλαςφημεῒκ
322 908 379 975 τόν
397 906 540 994 Χριστόν
563 913 598 976 ἐκ·
618 909 665 996 τῷ
691 910 748 977 soii
775 908 968 994 Περεγρίνου
995 912 1067 990 βίῳ
1098 912 1181 989 (mel

112 990 242 1055 dixisset
257 995 292 1057 ἒν
311 992 353 1077 τῇ
371 994 428 1059 τοῦ
449 996 638 1079 Περεγρίνου
663 994 827 1078 τελευτῇ),
864 992 938 1056 hine
968 992 1122 1069 sactum,
1149 1004 1181 1055 ut

111 1074 268 1157 plerisque
280 1078 353 1137 Mss.
367 1078 464 1139 coda
486 1100 551 1140 non
574 1080 704 1159 amplius
723 1087 827 1140 exstet
847 1078 1054 1163 lfferegrinns.
1066 1080 1169 1141 .Bene

115 1174 206 1234 uren,
232 1162 314 1241 quod
338 1161 389 1221 bie
409 1183 473 1223 non
490 1162 599 1225 itidem
619 1168 741 1241 l‘eeere,
767 1170 805 1224 ut
822 1161 904 1244 apud
918 1160 1125 1243 losephum',
1145 1183 1181 1246 qn

114 1238 216 1322 (quod
241 1245 373 1324 mirere)
398 1245 549 1325 Origenes
571 1246 691 1309 duobus
711 1248 850 1309 tribusve
869 1246 947 1306 locis
975 1246 1101 1307 asserit
1130 1268 1181 1308 eoa

118 1323 280 1388 Christum
297 1330 469 1409 scripsisse,
497 1342 528 1393 et
547 1339 650 1392 tamen
670 1331 764 1392 haidis
783 1329 896 1394 laudat.
918 1328 987 1407 Qui
1005 1328 1159 1393 saetam?

72 1438 78 1448 ‚
118 1412 201 1470 enim
216 1412 348 1477 lucilius.
369 1413 406 1473 In
418 1414 520 1477 locum
535 1416 726 1498 κακηγορλας
739 1414 887 1474 sullecere
899 1404 1076 1494 irascimur.
1106 1414 1139 1475 0
1151 1414 1181 1475 tis

119 1490 190 1554 clam
202 1495 362 1573 pietatem!
381 1497 498 1557 Fauna.
539 1500 625 1578 Lege
639 1494 709 1582 peip.
737 1499 866 1560 Gurar.
906 1496 959 1554 De
979 1494 1085 1577 hujus
1108 1498 1170 1561 loci

120 1578 266 1655 tegritate
283 1579 403 1642 dubitat
422 1582 471 1642 vir
491 1583 576 1643 inter
599 1584 732 1644 Criticos
755 1581 887 1655 nobilis,
904 1579 997 1657 casius
1013 1592 1134 1643 notam
1150 1602 1181 1663 pr

110 1662 281 1736 misimus,
310 1686 348 1724 eo
367 1665 532 1746 praecipue
553 1667 715 1738 inductus,
743 1662 825 1747 quo'd
854 1664 966 1725 rocula
991 1663 1100 1745 γοῦν,
1125 1686 1181 1727 nex

123 1747 272 1805 orationis
294 1747 431 1809 indicare
455 1750 564 1821 solita,
585 1748 680 1821 nihil,
703 1738 764 1831 qiro
784 1748 953 1821 reseratur,
979 1745 1112 1811 habere
1132 1752 1181 1823 ei}

122 1838 183 1889 ests
204 1829 277 1889 Non
298 1852 353 1911 ego
366 1834 393 1892 is
407 1853 493 1910 sum,
514 1837 568 1916 qui
590 1835 629 1893 de
643 1836 734 1895 rebus
749 1832 925 1891 leviusculis
940 1832 1029 1893 ultro
1053 1843 1181 1895 contras

121 1913 198 1974 siam
220 1935 346 1976 movere
360 1936 478 1977 amem:
501 1919 556 1979 sed
573 1920 604 1977 in
619 1940 655 1977 re
672 1916 844 2000 praesenti,
864 1916 969 1975 necui
986 1916 1105 1977 fraudi
1120 1919 1164 1978 sit

124 1997 209 2058 docti
224 2001 409 2071 auctoritas,
433 2002 466 2061 in
478 2003 721 2085 sententiamque
734 2020 796 2061 non
806 1990 914 2060 'seram
928 1999 969 2059 de
986 1998 1099 2063 hocce
1112 2002 1181 2063 Luc

124 2082 195 2153 loco
210 2082 412 2161 abripiuntur,
434 2104 545 2147 cavere
557 2083 642 2146 hisce
654 2088 754 2147 visum
771 2090 828 2146 ests
867 2084 942 2143 Duo
964 2080 1085 2145 ferme.
1098 2106 1181 2167 praes

124 2186 186 2251 pro
199 2167 278 2238 loco,
301 2170 410 2227 vocula
423 2167 509 2252 poris.
549 2172 615 2230 Aut
634 2172 717 2249 enim
735 2168 851 2228 dietum
870 2186 953 2227 novo
972 2169 1134 2251 exemplo
1152 2190 1181 2229 ar

59 2262 62 2267 '
126 2248 274 2312 meritove
292 2252 468 2329 confirmat3
501 2264 555 2315 aut
579 2254 742 2314 artificiose
762 2272 829 2312 rem
852 2250 937 2333 qussi
955 2250 994 2311 in
1010 2254 1128 2313 medio
1146 2274 1181 2314 re

43 2370 50 2391 0
129 2353 237 2413 quens,
257 2343 375 2413 partem
391 2338 521 2419 aliquam
537 2358 643 2398 causae
658 2358 714 2397 suo
727 2338 785 2397 sibi
797 2336 867 2413 jure
882 2332 1036 2399 vindicat.
1083 2336 1181 2397 Utrm

129 2418 184 2478 bet
197 2417 312 2497 delige3
334 2420 496 2497 quadrabit
509 2422 571 2488 hie.
606 2423 684 2482 Nam
701 2423 767 2481 sive
782 2428 995 2499 argumentum
1008 2419 1095 2481 inde
1107 2424 1175 2502 peti

128 2502 182 2579 lis,
210 2506 281 2583 qnia
307 2502 463 2565 Christum
488 2506 596 2567 colunt
616 2503 801 2578 Christiani,
823 2502 1024 2564 verosimile
1045 2504 1110 2565 fies
1130 2506 1181 2565 cul

130 2583 223 2646 etiam
248 2587 286 2647 ab
306 2588 419 2649 eisdem
439 2590 656 2669 Peregrinum:
683 2590 822 2670 quamvis
843 2588 925 2646 enim
940 2585 1136 2668 disparsit,
1160 2590 1181 2649 ls

131 2670 250 2749 dispar!
280 2660 385 2742 carisi,
406 2675 565 2736 nescivere
577 2676 609 2736 id
622 2672 749 2733 Bthniei
756 2716 768 2746 ,
787 2670 981 2751 similemque
996 2670 1040 2731 ab
1058 2674 1181 2755 omnip

131 2760 293 2833 putarunt.
335 2757 487 2818 Siverem
511 2760 596 2839 quasi
611 2758 643 2817 in
661 2756 763 2817 medio
786 2754 987 2835 relinquens,
1014 2754 1055 2817 id
1077 2757 1181 2819 saltere

134 2836 318 2899 Christianis
330 2861 483 2917 asserere,
500 2844 535 2901 in
548 2844 608 2902 alio
624 2841 815 2909 factitatum,
835 2838 988 2915 voluerit3
1023 2848 1064 2899 et
1085 2841 1137 2901 sio
1153 2861 1181 2901 κ·

133 2923 251 3001 optime
273 2926 333 2984 sibi
353 2935 472 2986 constat
485 2927 591 2987 oratio.
638 2925 805 3004 Duplieem
826 2930 929 2981 autent
948 2920 1036 2981 hunc
1060 2926 1181 3007 vocis2

132 3024 243 3085 usum,
263 3009 344 3088 apud
359 3009 524 3079 Nostrum,
551 3030 591 3070 ne
605 3010 725 3087 longius
738 3008 864 3081 abeam,
884 3004 977 3066 l'acile
989 3006 1025 3065 in
1039 3008 1088 3069 iis
1100 3008 1180 3069 locis

132 3090 315 3168 prehendes,
340 3113 418 3171 quae
432 3094 554 3157 numeri
572 3101 735 3174 sequentes
747 3090 927 3151 indicabunt
943 3088 1015 3165 (De
1031 3092 1181 3153 Saeaiffi=

21 3256 24 3261 Ι
133 3174 240 3235 Sonrn.
254 3196 279 3241 s.
294 3177 376 3239 Gall.
390 3198 418 3237 c.
437 3176 485 3240 14.
499 3188 531 3239 et
547 3179 709 3239 Saturius.
722 3172 884 3237 lxetslibi
898 3172 1042 3253 passim.)
1065 3176 1162 3239 Nihil
1176 3200 1181 3233 ι

134 3277 154 3315 a
168 3278 251 3318 nexu
265 3282 334 3323 eum
351 3263 603 3340 praecedentibus
616 3262 733 3327 laborat
747 3258 798 3319 hic
812 3259 908 3318 locus.
947 3256 1001 3317 An
1022 3268 1063 3319 et
1090 3280 1181 3343 seque

135 3351 207 3420 apte
217 3344 417 3419 cohaereant,
438 3356 533 3408 restat
552 3358 589 3408 ut
609 3342 828 3423 expendamus.
871 3340 1045 3420 Negotium
1073 3354 1181 3405 autem

137 3445 259 3488 cessere
272 3429 397 3491 videtur
406 3475 416 3505 ,
440 3431 522 3512 quod
536 3451 611 3490 mox
627 3430 665 3489 ab
685 3428 828 3507 exemplo
842 3424 960 3485 Christi
979 3446 1000 3485 a
1020 3428 1093 3489 suis
1116 3428 1182 3489 cult

136 3506 297 3574 historiam
311 3514 470 3591 Peregrini
483 3516 606 3575 rediens
621 3513 664 3573 sic
680 3511 765 3571 infit:
782 3502 854 3575 τότε
870 3502 909 3589 δὴ
921 3508 977 3572 καλ
988 3510 1181 3595 συλληφθεὶς

137 3587 241 3677 τούτῳ
257 3610 315 3659 etc.
361 3599 449 3674 Quae
468 3600 561 3660 rerba
587 3598 640 3677 qui
663 3596 859 3659 festinantius
879 3594 1002 3673 legunt,
1030 3614 1117 3657 mox
1137 3596 1181 3657 ali¹

138 3679 326 3751 desiderant,
354 3682 391 3740 ad
406 3683 487 3761 quod
503 3682 579 3741 illud
594 3680 644 3745 ἐπὶ
662 3673 761 3761 τούτῳ
777 3678 951 3757 reseraturi
979 3680 1073 3759 quasi
1094 3680 1137 3741 de
1154 3680 1181 3739 Ρ

138 3763 229 3845 grino
243 3765 361 3823 lacinus
377 3766 500 3845 aliquod
519 3767 638 3841 insigne
657 3772 821 3839 narrasset,
856 3760 939 3843 quod
960 3750 1067 3823 simul*
1082 3784 1157 3823 cum

138 3848 295 3907 nonnullis
320 3850 381 3925 (de
399 3851 544 3925 Christo,
565 3860 600 3908 ul
613 3850 666 3907 ille
680 3848 872 3929 suspicatur)
892 3866 912 3905 e
925 3843 1029 3906 medio
1041 3848 1089 3907 sit
1100 3864 1122 3909 a
1136 3866 1181 3927 au]

139 3932 260 3990 stitisse
285 3934 342 4010 piis
358 3932 533 3996 bominibus
552 3934 716 3995 sublatum.
765 3932 884 3991 Verum
906 3938 944 3989 ut
964 3930 1181 4001 nonabnao,

139 4016 207 4075 aliis
220 4016 425 4092 scriptoribus
443 4020 514 4077 talia
527 4019 564 4078 ab
579 4018 628 4091 iis,
648 4036 724 4097 quoa
740 4014 819 4084 dixi,
837 4012 917 4075 male
933 4011 1057 4075 seriatis
1072 4012 1181 4075 homin

139 4099 304 4180 designata,
325 4120 454 4182 qnorum
471 4124 564 4182 opera
579 4120 705 4181 prorsus
719 4101 737 4160 e
752 4097 854 4160 medio
867 4096 1075 4173 sustulerunt,
1095 4108 1181 4161 autu

923 4310 1013 4371 Ι,Ι
