2506 4672
119 270 225 353 440'
383 292 943 367 annorurronas

205 484 306 547 endi·
325 484 375 547 ιδ.
402 475 583 564 Μητίοχον)
610 479 727 540 Forsan
747 474 924 562 'Aulazon
947 480 1053 543 -Iinmo
1077 500 1156 543 vero
1170 477 1242 542 erit

124 569 253 631 Athenis
271 559 307 634 ab
327 566 475 648 Murbxou
499 564 651 637 tribuua13
673 564 794 645 dequo
820 564 948 624 consule
969 567 1145 627 Pottsrum.
1162 564 1242 626 Fuit

126 666 157 716 ct
175 648 354 714 Metiocbus
371 647 522 710 Miltiadis
540 647 622 707 filius
630 694 641 722 ,
670 646 709 707 de
735 667 797 728 quo
818 647 870 706 bic
891 648 980 709 locus
1008 646 1142 728 intelligi
1173 669 1241 709 nou

127 747 236 819 potest.
264 738 314 803 ΡΖ.
336 733 396 797 Ed.
414 737 593 815 Μητίοχον.
623 733 669 792 M.
684 751 754 790 cum
776 730 903 809 reliquia
926 732 1017 811 impr·
1032 731 1240 809 sacitrliiibi,

127 821 201 901 quid
216 819 395 888 decernam,
416 837 479 877 uon
493 817 603 895 liquet.
623 816 742 878 sorau.
758 810 930 897 Ἀντίοχον.
952 835 995 874 us
1007 815 1132 881 Cnozs.
1161 815 1240 877 Nou

128 903 265 963 dubitavi
281 902 426 980 ignobili,
445 900 578 977 ideoque
592 898 626 961 b.
642 898 664 963 l.
678 898 760 957 baud
776 899 869 959 dubie
882 898 1009 978 spurio,
1029 899 1151 960 nomini
1166 900 1242 961 Me-

127 982 229 1049 tiocbi
252 985 388 1046 nobilius
406 983 483 1043 illud
504 981 653 1041 Antiochi
677 983 881 1057 substituere,
908 982 947 1043 de
964 985 1054 1063 cujus
1076 1002 1187 1043 amore
1207 984 1241 1044 in

127 1086 293 1131 novercam
313 1069 510 1127 Stratonicen
528 1062 595 1128 vid.
619 1067 666 1124 De
690 1064 760 1127 Dea
782 1067 853 1144 Syr.
874 1086 902 1124 c.
931 1084 980 1143 ιγ.
1005 1088 1053 1146 eq.
1075 1067 1241 1146 etQuom.

128 1155 204 1223 Hist
228 1152 355 1216 Conacr.
372 1152 457 1217 ess.
472 1150 578 1229 ibique
591 1150 698 1210 Solon.
706 1170 718 1220 ,·
736 1149 915 1229 praesertim
930 1170 1024 1229 quum
1038 1149 1123 1209 branc
1134 1152 1241 1229 ipspm

130 1233 279 1306 Austioclsi
298 1226 434 1295 amorem
456 1253 529 1293 vere
552 1233 586 1293 iu
607 1233 706 1294 scenis
726 1241 889 1292 tractatum
905 1234 1004 1293 fuisse
1020 1242 1122 1312 pateat
1136 1254 1156 1293 e
1171 1235 1241 1295 loco

132 1323 184 1389 De
205 1318 311 1385 Saltat.
335 1337 363 1376 o.
383 1319 453 1389 58„
482 1326 639 1396 utcunque
660 1314 760 1391 edit03
790 1326 824 1377 ut
848 1316 1094 1395 probabilissime
1118 1318 1242 1378 monuit

134 1402 299 1475 Wielond.
312 1402 345 1460 iu
358 1410 425 1465 not.
439 1399 570 1459 advers.
585 1399 779 1460 vernaculum
794 1399 884 1459 Tum.
897 1398 953 1465 VI.
969 1419 999 1480 p.
1016 1398 1065 1462 86.
1093 1400 1179 1461 Nam
1202 1398 1242 1461 de

17 1536 23 1541 .
134 1508 171 1547 eo
183 1485 307 1567 quidem
321 1481 497 1550 Metiocho‚
522 1482 563 1542 de
578 1484 666 1561 cujus
682 1484 806 1544 nomine
819 1483 882 1560 agit
896 1485 1027 1543 Bestius
1038 1483 1142 1565 Epist.
1158 1484 1240 1553 crit.

134 1592 165 1651 p.
189 1567 452 1646 158.E‹1.Lips.,
472 1564 505 1629 b.
521 1566 544 1631 1.
564 1566 691 1642 cogitari
709 1586 771 1625 non
787 1567 898 1645 potest}
919 1568 1031 1628 Lanu.

218 1655 302 1731 Pug.
320 1670 370 1726 77.
391 1652 410 1711 l.
427 1650 456 1715 5.
482 1646 577 1714 Εἶναι
600 1650 715 1720 δοκεῖν)
744 1650 795 1707 De
816 1646 897 1714 eluas
922 1650 1098 1710 abundante
1119 1649 1242 1721 dictum

134 1736 237 1815 paullo
251 1755 342 1816 supra
359 1734 397 1795 ad
412 1756 438 1796 o.
454 1732 484 1795 b.
505 1733 541 1793 ad
557 1728 757 1814 ἀναισχυντία
772 1725 860 1799 oboa-
888 1736 940 1794 De
951 1734 1068 1812 duplici
1081 1734 1241 1795 infinitivo

114 1826 122 1845 ⁵
136 1820 173 1885 ad
190 1818 326 1898 Philops.
340 1840 367 1877 c.
383 1838 410 1891 7.
426 1828 457 1877 et
471 1818 521 1896 39.
541 1818 620 1877 Item
634 1819 730 1894 Hipp.
740 1837 766 1876 c.
780 1838 807 1880 1.
823 1839 868 1896 pr.
881 1818 944 1881 dcii
958 1817 1107 1883 ianuarii.
1122 1818 1241 1883 Rarus.

201 1904 287 1973 ,aad
300 1902 320 1961 l.
337 1900 367 1964 4.
395 1894 533 1967 Ἰοιαῦτοῖ
546 1924 585 1982 με
598 1902 759 1978 διαιίθηο)
777 1901 926 1972 Eandem,
945 1922 1035 1982 quam
1050 1902 1101 1961 bic
1114 1900 1242 1977 Noster,

71 2048 80 2079 a
134 1985 360 2065 turpitudinem
379 1986 477 2064 tangit
496 1994 529 2045 et
550 1987 739 2049 &cranius
760 1982 802 2054 V,
823 2004 855 2064 9.
882 2005 954 2047 cum
976 1984 1016 2047 de
1037 1982 1075 2043 iis
1089 1984 1240 2064 loquitur,

45 2069 48 2073 ’
137 2074 195 2159 qui
209 2072 439 2131 sanctissimum
452 2086 571 2149 quoque
588 2070 640 2127 aui
649 2072 788 2146 corporis
797 2082 921 2147 portem
941 2081 1050 2128 contro
1062 2068 1126 2147 foa
1138 2140 1141 2147 Ι
1151 2090 1241 2133 omna

135 2153 284 2239 polluant
305 2165 335 2213 et
354 2154 537 2230 profanent.
563 2151 683 2210 Rursus
693 2152 735 2233 L·
751 2151 809 2222 vl,
823 2154 876 2217 23.
898 2152 986 2230 Quid
1003 2153 1110 2214 &cam
1134 2150 1175 2215 de
1187 2156 1241 2223 iis,

140 2239 198 2315 qui
209 2235 470 2309 abominandam,
492 2254 554 2299 non
574 2236 753 2311 libidinem,
768 2237 824 2295 sed
845 2239 1005 2301 insoniam
1022 2238 1133 2315 potius
1155 2256 1243 2305 exer·-

134 2319 236 2381 .ceut?
259 2319 369 2398 'Piget
391 2319 509 2384 dicere:
537 2319 594 2379 aed
610 2320 689 2399 quid
707 2319 758 2395 bis
775 2320 846 2399 [ὀνο
874 2320 1053 2393 credamus,
1080 2340 1159 2401 quoa
1176 2312 1243 2381 nora

121 2441 124 2447 -
137 2404 229 2487 piget
234 2394 370 2487 facere?
391 2404 432 2467 lit
441 2414 545 2461 tamen
557 2402 723 2493 dicepdum
738 2416 794 2472 eat,
815 2404 892 2484 quia
898 2403 953 2478 fit.
975 2404 1027 2463 De
1039 2405 1112 2463 istie
1122 2404 1243 2484 loquor,

139 2506 269 2565 quornm
282 2484 551 2547 teterrima'libido
563 2500 592 2545 et
608 2489 808 2549 exsecrabilis
814 2488 923 2566 furor,
942 2508 980 2547 ne
996 2490 1102 2566 copiti
1115 2488 1243 2567 quidam

137 2573 254 2654 parcit.
277 2570 398 2647 Quibus
408 2569 468 2631 boc
480 2570 599 2645 verbio,
618 2582 675 2629 out
688 2593 752 2651 qua
768 2570 989 2649 indignatione
1006 2584 1131 2633 tontum
1149 2564 1243 2657 nefas

135 2655 332 2793 preceperat?
353 2655 453 2717 vincit
467 2655 604 2732 officium
620 2655 750 2733 linguae
765 2655 888 2713 sceleris
903 2656 1101 2733 magnitudo,
1119 2655 1244 2721 Soura.

160 2736 213 2798 'iu
244 2756 336 2817 supra
365 2737 454 2816 Nigr.
476 2758 505 2803 c.
525 2738 581 2797 ult.
607 2731 644 2801 ab
669 2731 745 2801 αὐτό
769 2732 861 2800 τοῦτο
886 2736 1047 2812 minine,
1076 2747 1244 2818 unumque

16 2891 18 2896 Ι
139 2821 261 2885 Heaut.
297 2821 340 2880 Et
364 2820 513 2881 Nostrum
535 2821 569 2880 in
593 2821 669 2882 locis
687 2821 764 2885 ibid.
792 2822 830 2881 ab
856 2821 971 2881 Solam
998 2822 1160 2893 indicatio,
1188 2842 1244 2903 qur

136 2901 256 2967 frustra
280 2901 399 2969 dendus
420 2905 463 2965 ibi
486 2913 604 2979 tentat,
630 2926 705 2976 cum
723 2915 756 2965 et
775 2903 844 2969 eod.
874 2904 967 2965 niodo
996 2904 1114 3005 duplici
1141 2902 1245 2972 bacas.

16 2982 19 2994 '
138 2983 244 3065 jungat
263 2987 379 3048 Noster
395 2988 510 3064 Gymn.
527 3008 554 3049 c.
572 2989 604 3053 6.
625 2990 760 3049 scribens
782 2988 837 3067 iud
849 2989 882 3051 δὲ
897 2989 929 3051 ei'
943 3012 991 3063 rac
1008 3012 1098 3071 uuus
1116 2983 1242 3059 τοιοῦιό

138 3092 172 3139 ti
183 3070 311 3151 διαθιέη
317 3117 336 3148 a
350 3071 404 3131 ubi
419 3072 478 3129 alis
497 3090 619 3152 qnoque
630 3074 742 3133 similia
754 3071 837 3135 dedi.
856 3072 972 3137 Rarrz.

127 3190 130 3195 ·
221 3157 289 3217 ead.
305 3156 327 3214 l.
343 3158 374 3221 8.
395 3152 567 3231 Διαντλεΐν)
586 3158 636 3217 Αιι
649 3158 797 3235 exsequi?
818 3156 952 3222 Εἶπον.
1224 3216 1229 3223 ,

220 3238 291 3302 eud.
307 3239 329 3301 l,
350 3258 396 3297 ιι.
417 3238 620 3318 Minimum)
639 3240 801 3298 Excidisse
820 3240 854 3299 in
874 3239 957 3305 Eud.
978 3238 1065 3320 prius
1084 3264 1117 3315 a,
1134 3260 1245 3303 errore

137 3327 259 3399 typogr.
275 3321 367 3383 facile
380 3322 503 3402 quidem
517 3322 720 3395 divinaveris3
742 3325 856 3383 mirere
868 3332 986 3398 tamen,
1007 3325 1062 3403 qui
1085 3334 1151 3385 tam
1167 3324 1246 3385 dili·

157 3413 245 3467 eutcr
268 3416 452 3486 propagetur
474 3425 583 3481 error,
610 3407 702 3467 etism
722 3406 755 3469 iu
777 3408 816 3467 iis
836 3406 986 3471 Edd.ubi
1003 3407 1118 3471 Latina
1142 3409 1245 3486 verrio

135 3422 460 3561 intercessionum
480 3510 552 3549 uam
572 3510 679 3564 nemo,
699 3490 813 3563 credo,
831 3493 983 3572 unisonus
995 3486 1144 3575 juratio·
1157 3488 1247 3555 volat

135 3567 259 3644 legere,
278 3572 399 3651 quando
423 3571 584 3655 πατοῦμαι
607 3577 830 3652 praemittitur:
858 3575 1102 3639 iurantesenim
1118 3596 1160 3639 ,ae
1180 3596 1247 3637 nou

136 3650 181 3713 tn
213 3657 387 3716 conculcari
414 3659 533 3723 sinunt.
566 3658 682 3723 Rsrrz.
725 3658 991 3734 Quemadmodum
1025 3680 1088 3721 non
1124 3660 1246 3733 dubito,

135 3737 300 3817 μιαίνομαι
332 3761 399 3799 csse
424 3741 661 3819 praeferendum
688 3751 814 3820 recepto
841 3762 898 3821 per
925 3763 1032 3803 omues
1056 3742 1127 3803 fere
1146 3744 1247 3804 libros

135 3816 302 3901 μαΙνομαι·
333 3824 376 3881 ita
399 3835 492 3902 puto,
521 3844 558 3883 eo
580 3826 682 3883 minus
699 3824 872 3885 suboluisae
894 3846 1033 3889 errorem
1055 3822 1246 3901 bominibus,

136 3901 332 3979 quodetiam
354 3908 501 3987 μαίνομαι
525 3926 589 3969 non
613 3908 777 3968 absurdam
799 3905 892 3969 habet
906 3910 1103 3975 senteutiam.
1133 3912 1246 3971 Sermo

77 4050 80 4056 ,
134 3992 184 4051 eat
204 3984 242 4047 de
267 4008 304 4045 ca
325 3990 532 4067 turpitudine,
553 4010 632 4071 quae
646 3991 735 4053 furor
754 4012 858 4057 merus
871 4001 904 4053 et
922 4013 1040 4053 summa
1052 3994 1173 4055 innota
1186 4003 1245 4063 est.

132 4066 239 4130 Solen:
253 4070 387 4136 insanire
402 4069 572 4139 hominess
586 4095 692 4158 magua
707 4076 828 4165 injuria.
851 4074 972 4159 Quidni
986 4076 1093 4159 lingua
1109 4098 1146 4141 ee
1159 4076 1246 4173 diunt
