2506 4672
133 326 210 399 56⁰
408 305 962 418 aororsrsosas
1037 328 1061 345 ¹·
1132 268 1177 405 ,⁶

133 538 213 596 strat
236 538 269 591 et
288 524 396 589 trahit.
425 522 512 583 Haeo
535 519 661 597 celsus,
687 520 821 605 aliique,
843 518 899 583 sed
918 518 1059 597 trustes,
1077 528 1252 599 sensam,

134 641 154 680 s
170 613 353 676 Christianis
377 606 557 668 doctoribus
580 606 783 689 solidissime,
804 614 838 666 et
855 626 874 667 s
892 606 987 667 rebus
1006 602 1088 687 ipsis
1112 607 1250 673 rciutsti.

135 703 255 761 Socan.

219 780 290 841 ead.
303 777 326 841 1.
345 793 393 841 ro.
412 766 515 839 Kussei
535 768 706 855 ἡγοῦνται)
731 772 802 834 Etsi
822 772 907 834 verti
926 781 1049 853 potest,
1072 794 1120 835 eo
1137 774 1251 855 signill-

134 878 208 929 catu
220 860 400 939 accipiendo
413 850 534 932 sassie,
556 858 709 937 quotoeia
725 858 844 939 aliquot
858 858 933 918 nori
951 856 1100 919 foederis
1124 878 1250 939 usurpa·

135 964 206 1027 tur,
231 944 306 1007 mihi
320 954 422 1003 tamen
436 962 501 1000 sese
516 942 625 1019 probat
644 940 834 1012 emendatio,
856 961 927 1000 nem
950 934 1064 1007 essessi
1087 932 1250 1025 ἡγοῦνται,

135 1056 221 1099 cana
237 1044 267 1091 st
276 1030 391 1110 sinilia
405 1046 468 1084 esse
480 1027 671 1087 existimant.
692 1025 803 1105 Neque
817 1024 899 1085 enim
951 1028 1054 1099 raeci,
1077 1028 1173 1109 quod
1186 1028 1250 1109 quia,

136 1120 208 1181 dem
220 1109 495 1177 cornmsminerim,
513 1108 558 1165 ita
570 1118 721 1187 usurpant
732 1100 848 1181 κοινός.
868 1108 988 1171 Fessa.
1030 1108 1145 1185 „Imm
1167 1132 1251 1191 prse-

135 1206 228 1283 cipue
248 1200 283 1257 in
307 1196 383 1255 locis
410 1211 485 1272 quos
505 1192 643 1270 agnoscit
666 1192 699 1251 in
719 1212 801 1253 noro
820 1190 965 1267 foeders3
991 1192 1083 1255 unde
1104 1194 1251 1255 Latinum

135 1304 275 1347 menum.
307 1312 349 1327 -
385 1275 446 1335 Sed
476 1274 516 1333 de
541 1275 758 1335 communione
785 1275 938 1336 bonorum
974 1296 1093 1339 revera
1125 1277 1251 1358 intelligi

136 1368 246 1441 debet,
267 1384 328 1445 quo
344 1378 439 1420 sensu
451 1350 556 1423 resistas
571 1352 723 1439 triplicis
738 1353 839 1425 κοινά.
861 1360 979 1419 Tamen
998 1360 1153 1446 ἐπέχω*
1172 1364 1249 1423 Hssc

135 1457 320 1529 Anonymus
342 1444 439 1506 Paris.
459 1444 493 1503 in
513 1463 608 1520 marg.
628 1440 852 1504 Commentarii
878 1444 975 1507 Febr.
1018 1446 1087 1507 sed
1109 1446 1198 1508 idem
1217 1444 1249 1505 sd

135 1546 259 1601 textum
280 1530 457 1607 adscripsit:
486 1526 644 1603 „Impera
673 1526 790 1587 Odiose
810 1526 885 1587 haec
908 1537 939 1586 et
962 1526 1044 1587 falso
1062 1528 1249 1591 Christisnis

137 1620 244 1701 objicit
261 1624 388 1695 propter
402 1605 441 1675 rai
462 1602 655 1674 εἰδωλόθυτα
662 1656 673 1686 ,
696 1612 807 1692 quihus
826 1620 893 1671 tuns
912 1612 1004 1671 etiam
1027 1612 1210 1691 Christiani
1220 1620 1249 1673 ut

135 1706 303 1788 plurimum
321 1697 531 1769 abstinebant,
555 1705 586 1753 et
599 1695 764 1755 debiliores
779 1694 872 1755 etiem
885 1696 919 1755 in
942 1694 1004 1756 fide
1017 1697 1176 1777 pluribus
1190 1698 1247 1757 eliis

121 1790 215 1850 cibis
236 1788 269 1844 in
293 1784 361 1859 lege
383 1780 480 1839 Mosis
501 1778 685 1858 prohibitis,
719 1789 828 1838 contra
849 1778 993 1861 Apostoli
1015 1780 1248 1863 praeceptum.¹

136 1875 189 1933 Sic
203 1888 310 1951 paruus
326 1866 383 1925 sibi
399 1863 540 1922 constitit
553 1863 603 1921 vir
619 1862 737 1923 doctus.
756 1863 865 1923 Lrflss.
907 1862 1011 1943 Hujus
1034 1866 1104 1925 loci
1121 1886 1246 1939 sensum,

135 1958 372 2032 scripturaeque
392 1947 484 2027 hujus
506 1946 665 2007 veritatem
687 1952 749 2025 jam
774 1947 894 2028 pridem
918 1948 952 2007 in
978 1947 1246 2011 dissertatiuncula

134 2038 268 2107 merui,
291 2053 380 2115 quam
395 2033 433 2090 de
451 2032 529 2109 asylo
545 2033 620 2089 novi
634 2034 824 2091 'listansents'
834 2033 868 2092 in
881 2029 1050 2092 Academia
1066 2034 1247 2117 Frsneque·

134 2144 210 2189 rana
223 2120 353 2184 editam,
375 2116 442 2176 aliis
460 2113 597 2195 ejusdem
611 2117 783 2193 argumenti
800 2115 928 2175 adsuere
946 2114 1096 2195 dignatus
1118 2128 1171 2179 est
1187 2118 1246 2179 Jae

134 2202 349 2285 Rhenserds'us
376 2200 408 2258 in
443 2218 480 2258 eo
505 2207 709 2277 syntagmate,
746 2199 829 2281 quod
854 2200 921 2279 ejus
950 2220 1048 2279 opero
1073 2218 1131 2263 atr.
1164 2218 1246 2281 1701.

134 2290 262 2375 prodiit.
283 2286 441 2363 Quocum
456 2281 619 2343 amandare
639 2284 788 2345 lectorem
806 2304 945 2364 possem,
963 2302 1003 2343 ne
1016 2294 1131 2347 tamen
1144 2284 1246 2349 hucin

134 2384 225 2459 parte
251 2389 377 2449 operam
404 2375 541 2427 nostram
567 2365 739 2440 desideret,
770 2369 804 2428 in
836 2388 932 2446 pauca
958 2370 1146 2445 conseram,
1176 2386 1246 2451 quse

133 2461 237 2525 fusius
255 2454 322 2515 illic
341 2472 359 2511 s
379 2471 430 2512 soe
448 2460 522 2511 suut
538 2451 600 2530 jem
620 2450 737 2513 dudum
761 2452 931 2513 observata.
951 2450 1003 2512 De
1018 2454 1246 2525 emendatione,

134 2554 172 2607 ut
193 2542 298 2607 sides,
324 2536 473 2615 cogitavit
492 2538 572 2596 Tan.
599 2536 702 2595 Faber
709 2557 722 2605 ,·
749 2537 861 2617 quibus
888 2535 1036 2597 inductus
1056 2538 1245 2605 sationibus,

133 2630 192 2689 rix
204 2626 276 2687 satis
288 2622 455 2701 adsequor:
474 2617 554 2678 nihil
567 2620 650 2679 enirn
664 2618 737 2679 huic
749 2620 819 2679 loco
836 2640 914 2680 voce
927 2612 1035 2695 sosso'e
1047 2624 1245 2683 convenien-

133 2716 208 2774 tius.
229 2709 327 2770 Misso
342 2725 474 2785 namque
487 2704 591 2781 priore
603 2705 658 2762 illo
674 2705 875 2765 accusationis
897 2706 1014 2783 capite.
1039 2704 1080 2764 ad
1095 2705 1245 2787 posterius

134 2798 242 2877 sejam
256 2792 433 2866 accingens,
455 2811 471 2847 a
486 2786 658 2865 legislatore
672 2798 777 2847 manet
797 2788 921 2847 edoctos
944 2786 1167 2863 Christianos,
1184 2804 1244 2849 sess

133 2892 243 2943 mutuo
264 2896 322 2953 pro
335 2873 498 2953 J'ratribus
518 2870 644 2934 habere.
686 2872 882 2941 mellico,
910 2871 1013 2950 inquit
1032 2865 1123 2953 jam,
1142 2874 1244 2933 omnis

135 2971 334 3025 contemnunt
351 2957 418 3037 (sua
434 2958 511 3013 hosts
519 2996 530 3027 ,
550 2955 686 3025 scilicet,
705 2975 774 3015 suas
790 2954 985 3037 facilitates),
1004 2966 1038 3017 et
1061 2958 1176 3021 eadem
1195 2956 1244 3016 ills

133 3048 238 3109 omnia
268 3040 514 3101 COMMUNIA
532 3038 649 3099 liabent
676 3040 728 3100 vel
756 3041 891 3111 ducunt,
921 3044 980 3111 (ut
1008 3042 1097 3103 iuter
1122 3036 1244 3127 jrcim

133 3131 247 3200 decet)
271 3124 432 3204 Egregium
453 3142 527 3183 sane
548 3124 740 3198 encomium,
765 3124 873 3203 primis
892 3124 954 3185 illis
976 3124 1143 3189 Ecclesiae
1166 3135 1244 3186 tem·

132 3217 260 3299 poribus
275 3209 435 3282 debitum,
453 3214 486 3265 et
507 3207 545 3266 eb
564 3207 778 3269 infensissimis
794 3207 990 3269 Christianae
1008 3210 1175 3289 religionis
1188 3206 1243 3269 ho-

132 3302 229 3361 stibus
254 3294 286 3355 vi
308 3292 448 3354 veritatis
470 3298 640 3353 extortum.
683 3293 832 3371 Agnoscis
854 3292 915 3373 jum
937 3312 1119 3371 germanam
1139 3310 1242 3355 eorum

131 3382 329 3466 progeniem,
357 3395 433 3455 quos
453 3376 487 3433 in
505 3376 576 3434 Act.
601 3377 711 3453 Apost.
732 3378 773 3451 11,
789 3378 838 3436 st.
859 3381 967 3435 onsnio
992 3376 1148 3439 hahuisse
1162 3396 1242 3437 eosn-

134 3472 245 3527 munia
267 3464 353 3540 legis.
384 3459 488 3531 (Inter
508 3456 659 3517 Iithnicos
682 3464 799 3540 primus
819 3458 1005 3538 Pythagorea
1019 3456 1118 3525 sossoi
1128 3454 1173 3527 ssi
1182 3454 1244 3525 rtis

135 3554 236 3629 φίλων
259 3567 324 3607 esse
349 3542 580 3625 pronuntiavit,
608 3552 640 3601 et
668 3564 776 3624 reapse
802 3548 885 3604 inter
913 3565 986 3604 suos
1014 3546 1243 3625 comprobarit.

134 3634 215 3694 Vide
236 3628 392 3709 Porphyr.
416 3629 479 3688 No.
506 3626 576 3700 33.)
605 3630 649 3687 At
671 3629 704 3689 in
727 3631 899 3709 sequiorem
915 3628 947 3689 id
961 3640 1181 3709 'mox-partem
1192 3628 1242 3697 its·

134 3726 268 3780 sectator
291 3714 385 3773 trehit
406 3711 536 3783 Noster,
564 3728 634 3771 essm
658 3714 805 3772 continuo
829 3713 890 3773 ait:
918 3716 949 3773 si
971 3715 1079 3793 itaque
1099 3706 1243 3775 transeat

135 3804 180 3863 ad
195 3805 279 3878 ipsos
293 3804 457 3873 impostor,
476 3796 627 3869 callidus,
649 3810 808 3872 versutus,
830 3800 945 3877 quique
953 3797 1027 3875 soro
1043 3802 1131 3857 sciat
1151 3803 1202 3857 ssts'
1214 3808 1244 3855 et

133 3888 202 3946 stris
222 3882 378 3943 consulere
401 3880 506 3953 rebus,
531 3893 654 3956 repente
675 3882 843 3954 divesfiet,
866 3902 942 3949 usus
957 3878 1142 3947 hominihus
1151 3884 1243 3961 saei·

135 3972 240 4036 lidus,
269 3967 386 4042 largis,
413 3976 442 4020 et
462 3963 671 4041 simplicibus.
700 3964 788 4039 Quae
810 3984 882 4029 cum
903 3964 947 4022 its
971 3962 1055 4037 sint,
1084 3974 1120 4025 et
1141 3966 1243 4025 omnis

134 4050 321 4135 usqueadeo
338 4046 454 4125 liquida
470 4056 501 4105 et
518 4057 640 4125 aperta,
656 4050 730 4126 qnid
745 4044 960 4107 emendatione
980 4066 1060 4125 opus
1083 4046 1163 4125 teis,
1185 4068 1244 4131 qus

135 4140 320 4221 depravatur
345 4138 467 4208 textus,
494 4149 559 4192 non
587 4131 736 4212 juvator?
779 4132 853 4195 Fuit
872 4132 968 4193 etism
991 4142 1139 4213 repertus
1145 4174 1159 4209 ,
1189 4131 1242 4217 qui
