2506 4672
301 315 349 367 ru
375 291 617 369 inventos
648 276 918 391 rupocsa'cm
1065 272 1173 374 ’367

59 509 142 570 σθαι
161 509 319 583 peccatum
332 510 429 570 esset,
447 501 531 563 nube
546 500 666 580 objecta
681 498 751 572 loco
764 499 902 582 alioquin
919 495 1024 579 claro''‚
1043 503 1177 585 reliquie

60 608 184 670 quoque
205 584 440 665 corrumpendis
461 595 533 645 nata
556 586 781 664 opportunitas.
801 587 990 663 Sententiam
1009 586 1084 649 bui‘c
1100 590 1172 650 loco
1223 586 1225 590 ’

60 672 249 752 aptissimam
271 690 355 740 esse,
378 689 467 747 quam
490 670 524 728 in
548 670 696 744 versione
713 671 935 749 expressimus,
954 691 1047 735 nemo
1063 672 1096 731 in
1112 672 1172 733 du·
1245 718 1248 722 -

58 760 145 831 bium
163 754 304 828 vocabit,
327 754 470 834 arbitror.
492 751 627 826 Suadet,
649 762 684 811 ut
699 754 797 813 servis
820 753 859 812 ad
870 752 989 815 -ma'larn
1008 755 1172 819 libidinem
1196 780 1198 785 ·

59 842 205 900 abutatur
228 842 350 917 potius,
367 853 469 918 ‘quiam
491 837 618 915 liberis3
645 837 715 894 illos
742 835 911 907 obnoxios,
931 837 990 899 bos
1019 841 1094 917 eine!
1113 860 1183 905 suo,
1218 913 1219 916 Ἴ

58 925 199 1004 periculo
223 923 384 982 enuntiare
411 919 636 1000 turpitudinem
657 920 742 979 illius
765 917 872 1000 posse.¹
889 922 960 981 Hoc
974 924 1049 983 eatis
1059 922 1172 993 decla·
1244 940 1250 947 “

59 1017 157 1080 rant‚·
180 1025 257 1084 quae
280 1014 463 1086 sequuntur.
492 1006 598 1064 Gasn.
649 1004 752 1064 Aliter
777 998 1098 1080 tantumtantum,
1125 1009 1171 1075 tic
1248 1056 1250 1067 .

60 1088 236 1169 corrigens:
268 1082 473 1172 θεραπεύειν,
496 1091 552 1152 καὶ
569 1082 727 1168 ὖπηρέτας
746 1085 844 1172 ἔχειν,
867 1083 923 1163 οὓς
942 1085 1012 1170 cieri
1030 1084 1170 1170 dodilone,
1233 1106 1238 1159 ζ

61 1189 92 1234 et
118 1176 276 1233 ministros
295 1175 408 1233 habere
432 1194 549 1250 servos,
571 1193 648 1253 qnos
664 1176 806 1250 pecnnia
825 1177 913 1238 emit.
934 1174 1024 1250 Quae
1044 1177 1103 1237 etti
1117 1174 1173 1237 ib-

64 1260 189 1338 geuiose
208 1257 281 1318 ficta
304 1258 407 1317 uideri
428 1256 562 1332 debent,
584 1266 616 1314 et
637 1266 722 1315 certe
743 1255 816 1316 ficta
830 1257 1078 1338 videri‘debent‚
1094 1257 1172 1322 duur

61 1344 157 1403 modo
181 1350 268 1402 recte
291 1343 410 1421 ceperis
436 1341 569 1420 vulgata.
594 1340 668 1399 Non
688 1348 790 1401 autem
808 1352 897 1407 reete
920 1344 1003 1422 cepit
1023 1346 1170 1425 Belimtn
1224 1384 1252 1391 --

62 1429 117 1507 qui
130 1426 370 1487 insolentissime
388 1427 520 1484 Gesnero
533 1424 696 1504 interpreti
708 1425 855 1484 insultant
872 1422 962 1504 longe
979 1424 1112 1509 grav'iua,
1133 1438 1170 1507 ut

60 1522 128 1572 tum
144 1512 212 1570 tieri
227 1511 306 1570 solet
313 1532 322 1583 ·‚
341 1511 442 1590 lapsus
456 1518 521 1582 est,
540 1504 605 1594 ω’νῇ
616 1528 677 1587 pro
693 1509 880 1587 Imperativo
896 1510 1049 1590 accipiens
1069 1521 1101 1573 et
1122 1513 1169 1573 sic
1234 1517 1248 1581 ἵ

61 1597 210 1657 reddens:
230 1591 369 1671 „Achbte
389 1593 579 1674 cependent,
599 1590 706 1652 achdte
728 1593 869 1672 toujours
891 1594 944 1652 des
960 1596 1171 1657 ministresde

60 1680 111 1739 tea
125 1680 255 1739 infames
272 1676 436 1759 voluptts,
455 1677 494 1736 de
510 1691 588 1757 peur
605 1677 689 1755 que“
707 1680 775 1736 etc.'
790 1677 919 1736 Rectius
934 1678 1087 1757 Seagerue
1101 1674 1171 1757 nivii

19 1762 24 1773 ’
62 1765 102 1824 de
117 1763 286 1823 indicativo
300 1784 411 1842 cepere
425 1764 537 1841 potuit.
566 1759 626 1820 Sed
644 1760 726 1840 quod
744 1760 860 1823 verba:
884 1756 950 1846 ω’νῇ
968 1757 1002 1825 δ’
1021 1754 1107 1842 ὅμως
1121 1748 1168 1825 sic

62 1849 217 1928 explicat:
244 1847 465 1906 Nihilominus
479 1865 580 1903 servos
595 1865 690 1930 emere
707 1847 832 1923 pergis,
852 1858 883 1904 et
901 1850 1063 1926 utrumque
1079 1869 1168 1909 enm-

10 1962 15 1972 =
61 1945 184 1992 tuosnm
198 1932 335 1990 morbum
350 1951 376 2008 p.
397 1928 557 1988 insaniam
578 1930 679 1996 olere,
700 1948 764 1993 uon
785 1947 931 2009 assequor
953 1931 1018 2010 ejpe
1038 1938 1191 1993 sentem·
1239 1946 1246 1961 “

61 2018 155 2092 tiam,
180 2036 238 2075 neo
258 2016 370 2084 video,
397 2011 470 2094 quid
494 2033 530 2073 ea
550 2013 639 2073 velit·
675 2011 744 2072 Imo
767 2031 842 2072 vero
865 2013 1098 2083 substantivum
1121 2024 1170 2079 eet

63 2095 144 2181 ὠνῇ,
162 2110 198 2159 ut
216 2102 249 2161 in
271 2099 481 2179 superioribus
502 2091 660 2196 nopetpoin
681 2086 782 2172 ὦνῆν,
800 2100 833 2156 e't
847 2098 986 2165 'crebrius
998 2116 1060 2180 per
1082 2096 1168 2161 buno
1195 2114 1198 2134 ¹

61 2186 219 2252 libellum
238 2194 271 2244 et
289 2183 459 2243 enuntiatio
471 2180 562 2242 haec:
580 2176 645 2267 ωνῇ
664 2175 796 2260 δ’ὅμως
816 2182 918 2261 paullo
940 2182 1068 2247 liberius
1079 2179 1181 2266 cinaei
1243 2202 1250 2214 ‘

62 2290 106 2329 ex
122 2270 253 2349 abrupto
274 2269 516 2348 interjectam,
539 2275 576 2325 ut
592 2266 685 2326 totius
697 2266 759 2324 loci
778 2274 936 2327 structura
947 2265 1093 2331 licentiae
1108 2288 1168 2331 cu·

61 2353 200 2435 jusdam,
221 2373 284 2412 non
300 2362 403 2411 tamen
416 2350 498 2410 illius
514 2352 632 2410 alienae
646 2360 700 2409 aut
715 2349 869 2428 ingratae,
890 2351 1025 2429 speciem
1039 2372 1113 2432 pree
1132 2372 1168 2414 se

26 2440 32 2453 ⁴
61 2434 163 2512 seiat5
184 2437 266 2517 quod
281 2431 414 2515 pitebit,
433 2437 487 2496 ubi
507 2435 686 2495 universum
707 2435 841 2493 auctoris
865 2435 1045 2512 consilium,
1067 2446 1187 2516 queit·-¹

62 2533 131 2583 tum
148 2523 216 2581 fieri
232 2521 366 2599 poterit,
387 2519 426 2578 ad
446 2516 765 2591 verbumreddidero.
793 2519 845 2577 Sic
867 2519 950 2578 enim
973 2521 1032 2579 ait:
1053 2521 1168 2581 Cenaeo

62 2612 157 2681 enim,
180 2619 226 2679 te,
247 2607 350 2662 missis
373 2607 432 2677 iis,
453 2624 533 2682 quae
553 2603 598 2662 ad
608 2602 741 2661 te‘niliil
752 2605 888 2662 attinent
912 2601 1050 2680 (libris),
1072 2605 1171 2669 citeri

62 2705 187 2754 tantum
200 2689 302 2747 morbo
317 2708 341 2749 s.
357 2688 492 2746 insaniae
505 2685 643 2764 (libidini
655 2687 798 2766 spurcae)
813 2708 948 2761 vocare,
964 2701 994 2746 et
1007 2691 1169 2759 ministros
1197 2677 1237 2747 ’,θ’

62 2781 137 2836 illos
151 2778 281 2832 emtione
300 2775 406 2852 utique
423 2768 620 2850 (comparare
628 2817 638 2845 ,
656 2771 713 2833 int.
736 2766 876 2834 κτᾶσθαι
896 2772 950 2831 uel
968 2770 1169 2850 praetulit-

62 2860 164 2938 σθαι)
186 2881 243 2934 ne,
261 2858 317 2916 nbi
331 2853 494 2915 domestici
512 2875 535 2913 aa
552 2875 666 2915 vernae
685 2868 717 2914 te·
733 2855 901 2928 deficiant,
926 2860 1051 2934 cogaris
1073 2859 1169 2943 inge·
1214 2900 1218 2905 .
1240 2886 1243 2905 ι

62 2966 196 3008 nnornm
220 2943 367 3023 quosdam
388 2961 554 3014 arcessere,
581 2941 700 3019 quippe
722 2939 836 3019 quibus
865 2938 1016 3020 digreseie
1041 2942 1169 3000 nonsit

61 3030 286 3113 periculosum,
303 3029 369 3085 nisi
383 3028 490 3083 omnia
504 3021 597 3103 (quae
614 3025 859 3101 exspectassent)
875 3028 1069 3102 acceperint,
1085 3023 1175 3106 effu·

61 3120 122 3179 tire
145 3133 183 3170 en
190 3155 202 3183 ,
222 3132 301 3190 qnae
316 3111 403 3167 vobis
420 3120 494 3186 post
509 3110 766 3185 compotationem
775 3107 869 3186 facta
885 3121 970 3170 sunt.
988 3109 1071 3169 Nam
1087 3098 1170 3183 oid',
1223 3178 1226 3183 J

63 3197 148 3282 quod
167 3197 351 3252 Florentino
371 3201 443 3252 ante
461 3184 626 3256 cinirdoeon
646 3192 776 3263 omittit,
814 3191 902 3251 nullo
925 3201 1015 3272 pacto
1036 3190 1180 3253 muneri*

61 3290 185 3367 potest,
215 3297 397 3357 quamquam
420 3277 503 3336 tueri
524 3276 627 3336 studet
653 3277 806 3352 Bettnas,
829 3276 985 3337 >reddatis
1016 3275 1098 3338 avec'
1123 3270 1171 3337 let

64 3368 168 3450 quels,
187 3363 210 3420 il
223 3363 301 3421 n'est
317 3381 369 3438 pas
386 3380 454 3418 sans
467 3360 604 3438 danger,
626 3358 715 3440 qu'en
729 3358 792 3419 s'en
804 3359 899 3419 allant
918 3360 958 3419 ils
975 3378 1015 3421 ne
1027 3352 1171 3427 re'rdlent

64 3465 121 3513 etc.
141 3450 227 3531 quasi
244 3443 321 3505 nihil
335 3445 476 3514 intersit,
497 3446 635 3521 subjecta
648 3454 680 3503 et
701 3439 823 3523 objecta
846 3445 1079 3525 sententiarum,
1092 3464 1172 3527 pro-

64 3541 180 3596 miscue
199 3551 257 3610 pro
278 3529 381 3588 lubitu
402 3548 458 3586 suo
480 3527 690 3607 interpretari.
726 3529 918 3587 Gesneriano
941 3521 998 3592 οὖν
1019 3549 1078 3609 pro
1097 3520 1189 3593 οὗθ’

64 3620 155 3679 facile
176 3618 237 3696 jam
259 3632 407 3672 caremus.
439 3611 490 3672 Cs.
509 3612 658 3674 Abrescle.
679 3610 839 3669 Dilucidd.
862 3608 1030 3692 Thucydd.
1050 3632 1083 3694 p.
1097 3614 1172 3677 282.

65 3703 211 3763 Ceterum
236 3700 330 3758 verba
350 3698 424 3756 olim
449 3695 584 3773 uulgata:
606 3688 648 3770 ἢν
664 3687 709 3774 μὴ
731 3689 887 3773 λάβωσιν,
914 3691 1040 3761 ἅπαντα
1060 3696 1173 3779 ἐξαγο-

64 3785 175 3867 pedone
190 3785 332 3842 Jacobsio
350 3786 495 3841 monente
509 3781 554 3840 sic
571 3777 762 3859 distinguere
773 3780 905 3859 placuit:
923 3774 1017 3863 ippn*
1032 3777 1172 3864 loitcoit
1233 3824 1236 3829 ,

64 3866 464 3942 dncmn,s'}.etc.LonM.
912 3904 923 3939 a,
964 3912 987 3921 ..
1179 3918 1187 3929 ,

150 3956 226 4017 ibid.
256 3949 515 4020 Marooza’ltctc)
545 3944 826 4012 Mizaoettttotas
856 3948 962 4009 fortun
996 3947 1171 4028 legendum.

64 4038 125 4097 Sed
142 4039 226 4094 locus
241 4035 403 4105 mendosus
418 4033 549 4095 videtur.
579 4033 708 4096 cusan
749 4034 832 4094 Ante
851 4030 934 4094 hunc
951 4053 1061 4096 vocem
1079 4030 1171 4094 exiii·

64 4125 145 4183 disse
157 4130 233 4201 puto
247 4117 333 4198 pendi·
356 4122 475 4186 Sonm.
