2506 4672
296 319 338 368 nr
365 317 525 371 canons.
549 319 629 372 non
654 318 802 378 renone
827 270 938 377 oneo.
979 275 983 297 ι
1091 300 1165 371 397

51 503 192 570 videtur.
222 498 470 589 Μελαγχλοῖροος
482 504 516 571 δὲ
529 505 584 573 stoi
598 502 735 590 τοῦνομα
750 506 809 573 οἷον
824 501 909 583 τινος
922 501 1020 572 ἄλλον
1028 503 1163 585 ποίημα,

52 588 76 669 ἢ
93 588 232 672 ἐραστοῦ
245 585 507 674 ὑποκοριζομένου
520 615 553 657 ee
567 595 623 658 καὶ
638 589 772 676 scipionia
789 592 938 675 φέροντος·
952 584 1012 667 τήν
1024 584 1164 674 οἰχρότνρ·Ι
1231 636 1242 651 ,

52 702 104 752 τα,
126 671 182 741 tir
201 675 253 738 ἐπὶ
272 671 382 759 daupi
435 678 534 756 Lege,
554 675 800 758 potentiane.
820 676 904 753 (eive
925 675 1104 758 μελῖχροος,
1125 684 1168 733 nt-

53 764 108 819 alii
124 761 261 834 malunt)
281 762 314 822 di
329 759 381 823 sul
396 755 532 842 τοῦνομα
547 764 652 827 οἴεσθε
666 756 731 827 itt'
745 757 784 827 ου’
796 763 906 843 χρῶμα
929 758 1009 823 εἶναι
1027 754 1162 836 ἒραΰῑθῦ

53 854 116 906 etc.
130 844 168 903 ad
186 845 288 923 plures
304 845 349 902 illi
362 866 462 906 sermo
478 848 638 905 institutus
658 856 706 906 est
716 888 725 920 ,
752 846 795 905 sic
817 857 852 905 ut
871 839 908 908 ro*
938 844 996 909 ciet
1012 843 1161 903 vitiosum

54 949 138 998 esse,
168 929 269 1008 quivis
287 928 379 989 facile
402 929 624 1007 deprehendat.
679 929 808 990 Ceterae
829 927 957 989 mendae
980 925 1161 987 manifestae

54 1021 137 1071 sunt.
183 1011 289 1071 Posset
302 1023 403 1075 autem
419 1008 589 1095 sti-trolano
596 1017 703 1094 facies
722 1014 819 1087 verti3
840 1013 900 1073 nisi
914 1012 982 1093 quis
994 1010 1163 1090 upocnoln'·

54 1122 100 1177 μα
124 1117 193 1155 cum
209 1097 383 1157 Plutarcho
402 1099 505 1159 malit:
526 1100 613 1180 cujus
634 1098 720 1160 vocis
743 1098 808 1157 rim
822 1098 928 1156 Cicero
943 1095 1083 1175 pluribus
1101 1114 1163 1153 ex-

54 1182 168 1260 plicat,
189 1180 241 1238 lib.
259 1181 302 1243 Il.
325 1181 363 1241 de
386 1182 522 1244 Oratore
545 1204 613 1264 cap.
636 1184 682 1243 tlt.
704 1194 741 1241 nt
763 1202 834 1240 erun
857 1184 893 1239 in
917 1178 1160 1249 soteumbitlcm,

56 1268 182 1323 etiarnsi
195 1266 295 1324 olium
308 1266 346 1324 ob
360 1287 489 1327 causum
505 1270 676 1334 ambulem,
695 1267 769 1337 fieri
781 1278 898 1324 natum
913 1277 1033 1336 tumen,
1054 1275 1090 1321 ut
1105 1284 1162 1322 co-

56 1350 145 1407 lorer.
187 1347 239 1406 De
254 1349 400 1410 Amicitia
414 1351 499 1411 locus
513 1363 558 1411 est
571 1348 712 1425 eximiu's,
733 1344 787 1408 sed
801 1349 972 1428 prolixior,
989 1346 1079 1427 'apud
1086 1349 1161 1405 Ho-

55 1435 175 1490 ratium
195 1430 249 1490 lib.
265 1431 289 1489 l.
318 1434 380 1494 Sat.
400 1431 431 1499 5.
455 1436 509 1496 nbi
528 1436 652 1497 tandem
672 1435 805 1496 livorem
829 1442 990 1509 nostrum,
1010 1440 1043 1491 et
1064 1429 1168 1490 unimi‘
1207 1433 1210 1441 '

54 1517 232 1596 aeruginem
247 1520 442 1599 perstringit,
463 1520 584 1580 dicensz

140 1602 257 1658 Ainos
272 1606 400 1662 uirtutes
415 1609 503 1683 ipsos
518 1606 716 1678 invertimus3
738 1615 832 1681 atque
876 1642 879 1647 ,

138 1683 301 1767 Sincerurn
314 1692 457 1765 cupimus
473 1710 531 1749 vus
546 1692 727 1748 incrustare.
751 1688 865 1765 probus
880 1686 951 1765 quis
1021 1724 1025 1728 -

140 1770 315 1828 Nobiscum
332 1775 439 1832 uiuit?
459 1775 590 1832 multum
607 1773 754 1830 demissus
771 1770 873 1830 homo.
893 1770 945 1827 illi
968 1824 972 1837 ι

142 1852 245 1911 Turdo
261 1875 429 1933 cognomen
448 1857 552 1935 pingui
567 1856 683 1917 damus.
702 1877 760 1933 pro
775 1854 853 1913 bene
868 1873 954 1915 auno,

141 1938 266 1996 Aenon
282 1941 416 2005 incauto,
433 1941 551 2013 fictum,
567 1950 763 2017 astutumque
778 1934 992 1997 verumtaten.
1054 1986 1059 1993 .
1145 1956 1151 1999 ,·
1190 1988 1193 1995 ,
1245 1944 1249 1951 ’

56 2018 152 2076 Plura
170 2021 208 2079 ad
223 2026 346 2085 Lucret.
361 2035 392 2083 et
404 2028 577 2083 Horatium
590 2024 765 2095 Lambinus
777 2023 935 2097 congessit,
951 2038 1028 2098 quae
1041 2015 1161 2077 descri-

57 2103 132 2162 bere
148 2107 240 2180 nolo,
261 2127 301 2165 ne
328 2110 446 2169 alienae
463 2110 602 2170 fructum
623 2107 801 2186 diligentiae
814 2105 921 2166 videar
933 2103 1013 2164 velie
1026 2100 1161 2162 interci-

55 2207 140 2267 pere.
164 2191 267 2250 Torn.
911 2196 914 2201 '
1155 2206 1159 2211 ·

143 2276 212 2335 eod.
228 2276 251 2338 l.
265 2278 296 2339 5.
323 2269 384 2341 Τόν
400 2272 604 2360 τυραννικὸν)
622 2276 741 2351 Malim,
761 2274 951 2353 tyrdnnidis,
969 2264 1020 2332 vel
1033 2273 1167 2350 tyranni,

58 2361 247 2433 ministrum,
269 2383 358 2439 qnam
371 2376 548 2440 tyrannum,
567 2371 701 2426 vertere.
722 2363 829 2421 Toni.-
858 2358 981 2418 Mutuo
1003 2378 1036 2415 sc
1055 2353 1164 2435 capli'·

58 2440 161 2504 cantii
177 2440 335 2522 βασιλικός
356 2445 437 2522 atiud
457 2448 610 2506 Ioannem
625 2446 850 2523 Evangelistam
864 2448 895 2512 lt,
912 2442 962 2504 46.
987 2450 1020 2500 et
1035 2439 1085 2499 hic
1102 2461 1163 2498 nn-

57 2535 122 2585 ster
138 2524 332 2605 τοραννικός.
373 2530 445 2588 Νοη
462 2540 509 2589 est
523 2539 671 2610 tyrannus
685 2521 782 2608 ipseo
799 2520 1001 2607 τυρανννκδς,
1028 2523 1082 2599 8ῦᾶ
1098 2523 1161 2581 ffli-

57 2614 157 2669 nister
174 2613 364 2693 tyrannidis,
388 2612 513 2672 humilis
528 2615 608 2694 apud
625 2625 788 2693 tyrannum
797 2657 808 2684 ,
830 2614 868 2671 ud
882 2606 1163 2690 opprimendosci-

57 2715 114 2753 ves
131 2717 255 2772 operam
269 2716 351 2754 sitam
368 2698 414 2755 illi
434 2699 637 2769 commodans,
658 2709 740 2757 certo
755 2697 913 2776 pollicens,
934 2704 1026 2773 atque
1042 2710 1163 2770 oppor-

58 2789 153 2838 tunus
170 2782 208 2837 ob
228 2781 260 2838 id
277 2782 376 2858 ipsum
394 2782 578 2859 suspicioni,
600 2783 688 2841 illum
712 2781 787 2841 adeo
811 2781 917 2838 sedulo
938 2797 1028 2855 ogere
1049 2775 1162 2848 omnia,

57 2866 106 2922 uti
125 2865 308 2940 proditionis
322 2867 483 2926 consilium
499 2878 594 2942 tegat:
621 2875 655 2925 ut
669 2867 720 2925 ilie
737 2864 932 2939 Callicrates,
953 2862 1024 2940 qui,
1042 2859 1116 2918 dum
1128 2870 1178 2917 ιο·

59 2941 244 3026 τυραννοκδο
267 2949 492 3029 simtilnt¹apud
514 2951 650 3010 Dionem
668 2953 912 3027 Syracusanum,
933 2946 1022 3007 illum
1039 2943 1163 3007 evertit.

58 3030 130 3093 Viri.
145 3037 254 3110 Nepos
271 3054 318 3109 10,
333 3039 361 3093 8.
387 3035 493 3096 Gran.
983 3106 986 3111 .
1146 3074 1149 3079 -

145 3119 212 3175 ead.
228 3119 248 3176 l.
262 3143 289 3196 ρ.
315 3118 417 3201 Φασὶ)
447 3117 481 3178 ln
500 3117 642 3178 omnibus
660 3116 749 3178 libris
770 3116 885 3179 nostris
907 3110 1000 3198 φησὶ,
1022 3110 1163 3193 quamvis
1188 3184 1195 3205 ,

57 3208 200 3270 vertunt,
230 3205 401 3280 inquiunt.-
439 3224 495 3284 ego
518 3203 647 3271 mutari.
673 3203 790 3262 souis.
849 3201 985 3261 Omnino
1008 3196 1164 3277 proclives

57 3287 157 3346 scisso
172 3286 312 3344 librarios
328 3288 365 3344 ad
383 3309 462 3365 φησι
481 3308 538 3367 pro
553 3311 633 3368 poso
652 3286 870 3355 scribendum,
891 3285 964 3347 sutis
985 3280 1163 3340 luculenter

58 3370 191 3449 probant
206 3364 272 3426 loca
286 3371 364 3428 Pisc.
381 3391 406 3428 c.
422 3373 475 3435 25.
486 3373 540 3430 ubi
554 3394 611 3450 pro
629 3373 751 3450 vulgata
766 3392 846 3450 φασι
860 3370 893 3428 in
908 3366 985 3427 Cod.
1002 3364 1108 3436 Gorl,
1128 3372 1164 3423 et

60 3455 129 3517 Jov.
147 3455 237 3530 Trag.
252 3475 277 3510 c.
295 3456 460 3533 detentu,
484 3455 538 3513 ubi
551 3456 659 3514 itidem
675 3476 732 3534 pro
745 3456 876 3532 genuina
892 3451 1024 3510 lectione
1038 3470 1115 3528 φονον
1126 3448 1162 3507 in
1217 3522 1219 3527 Α

59 3539 116 3597 5οι
128 3557 154 3598 1.
179 3538 257 3595 rnule
274 3558 354 3617 nuos
367 3540 516 3618 scriptum
535 3538 788 3618 deprehenditur.
831 3536 967 3597 Omnino
986 3532 1059 3591 tide
1083 3531 1182 3610 qnee'

59 3623 98 3681 ad
117 3621 177 3681 Pro
197 3625 294 3682 Mero.
317 3623 416 3684 Cond.
432 3643 461 3688 c.
480 3641 508 3683 1.
525 3622 615 3687 Tom.
631 3623 689 3684 Ill.
713 3642 741 3700 p.
757 3620 829 3699 694.
849 3618 1033 3681 notavimus.
1049 3616 1162 3677 Lesa.

111 3709 214 3766 teari.
230 3708 250 3768 l.
269 3725 316 3770 ιι.
353 3702 403 3771 'H
416 3704 635 3786 Στρατονίκη)
670 3706 784 3765 Attusit
807 3705 917 3785 purtim
940 3699 980 3761 ud
997 3699 1161 3759 historiam

58 3787 207 3846 Antiochi
222 3791 343 3851 Seleuci
360 3791 401 3854 n.
417 3792 489 3864 filii,
523 3788 577 3870 qui
590 3809 741 3849 novercae
751 3809 857 3849 umore
869 3788 997 3866 flagrans
1013 3803 1073 3863 ope
1088 3784 1163 3843 Me-

60 3870 123 3927 dici
148 3875 211 3930 voti
235 3895 360 3955 compos
379 3876 440 3934 suit
455 3875 571 3935 sactus:
594 3875 704 3953 partim
719 3871 967 3945 adcalnmniem,
987 3888 1048 3949 qun
1064 3866 1163 3925 Com·

60 3954 156 4011 bubus
171 3954 229 4015 suit
246 3960 439 4039 impugnatus
454 3958 534 4038 apud
552 3957 682 4018 eundem
696 3958 876 4033 Seleucum,
902 3975 937 4015 ac
964 3954 991 4013 ai
1007 3950 1162 4011 Stratoni·

60 4056 111 4094 ces
126 4041 350 4102 manifestarius
364 4043 484 4102 adulter
501 4049 589 4101 esset.
641 4041 814 4122 Utramque
829 4048 935 4101 noster
948 4037 1017 4098 sose
1031 4034 1163 4114 exponit

58 4123 93 4180 in
106 4121 213 4181 libello
228 4123 268 4186 de
280 4128 349 4189 Dea
365 4129 473 4209 Syriat
496 4126 581 4189 illam
594 4125 788 4187 Plutarchus
801 4126 838 4193 in
849 4128 914 4189 vite
928 4120 1083 4184 Demetrii
1097 4118 1161 4177 Po·
