2506 4672
3 398 7 403 .
106 310 181 383 556
377 290 951 383 annonaaaonsa'

104 512 174 577 Neo
188 505 242 573 tta
256 514 361 569 tamen
376 518 448 572 eos,
468 505 506 559 ut
518 518 560 565 ex
574 496 775 579 mouentibus
795 494 929 577 patebit,
948 495 1088 559 fefellit.
1112 498 1222 563 aoso.

104 590 207 681 Λόγοι
218 588 298 673 tanai
313 605 399 649 sacra
415 583 567 663 scriptura
582 583 781 643 vocabatura
798 578 997 647 Christianis.
1018 582 1138 643 Aaron.

192 678 264 740 aad.
281 662 456 737 1.12.'nu
475 658 536 747 ycip
558 662 651 730 τοῦτο
670 661 825 747 incisim)
856 664 970 727 Postea
989 666 1086 729 enirn
1102 668 1223 729 Prono

105 784 166 847 pro
190 755 361 835 Peregrina
380 752 443 811 dici
465 758 593 829 coeptus
601 794 614 825 ‚
636 758 669 810 et
687 749 835 829 adoptivo
853 748 1052 827 cognomine
1065 751 1223 815 venerahi-

107 848 171 911 lior
182 844 302 911 taetus,
323 846 356 897 et
370 832 594 917 quodammodo
611 826 784 913 θειότερος.
804 834 923 897 Faaan.

190 922 294 988 catil
313 922 363 985 13.
381 910 503 990 Kotais·
513 912 703 997 Σωκράτης)
720 918 785 977 Vix
798 918 960 997 quisquam
973 912 1109 999 factum
1120 918 1222 993 casim

109 1012 165 1095 qui
181 1006 376 1070 Christianos
394 1004 477 1061 illius
491 1000 598 1060 aetatis
613 1002 714 1077 aaorit,
734 1002 787 1081 qui
804 1002 875 1060 suos
889 1008 1052 1083 martyres
1070 1002 1221 1065 contesso-

107 1094 302 1169 reaaclonge
316 1084 506 1169 philosophis
524 1084 759 1163 praestantiores
772 1083 936 1147 ducebant.
967 1086 1038 1147 Sed
1062 1088 1138 1149 viro
1156 1088 1222 1151 alia·

110 1180 187 1262 quin
201 1175 325 1237 erudito
341 1181 374 1231 et
388 1168 547 1250 §loquenti
558 1166 593 1227 in
607 1176 742 1229 mentem
765 1186 828 1230 non
851 1168 957 1249 potuit
970 1168 1029 1230 hic
1044 1190 1115 1233 nou
1129 1172 1221 1235 wnin

111 1264 270 1335 Socratem
305 1256 393 1335 cujus
421 1254 650 1332 comparatione
679 1250 761 1331 apud
790 1250 941 1311 Ethnicos
970 1250 1128 1315 homiues
1155 1250 1220 1317 lact

110 1364 220 1423 magno
240 1348 352 1402 conatu
376 1338 473 1397 risam
496 1343 563 1395 erat
588 1336 623 1395 in
640 1334 842 1413 Peregrinum
868 1334 1084 1403 conflaturus.
1114 1340 1219 1399 Sorax.

111 1421 286 1511 Σωκράτης
296 1470 307 1503 ,
327 1420 409 1503 apud
433 1420 564 1500 gentiles
585 1418 751 1491 nimirum,
779 1416 860 1501 apud
880 1438 959 1499 qnos
980 1420 1139 1485 Socrates
1151 1420 1219 1507 quati

110 1512 249 1595 prodeo
270 1506 406 1571 habitus.
428 1508 537 1566 Anna.
581 1502 697 1575 idest,
719 1522 782 1562 non
800 1506 884 1563 inter
902 1522 936 1563 aa
956 1500 1144 1569 Christiani
1162 1526 1218 1567 ean
1252 1557 1253 1578 1

111 1597 262 1659 dixerunt
274 1611 389 1651 novum
404 1589 577 1654 Socratem,
597 1585 679 1666 quod
696 1586 788 1646 nimia
806 1586 1114 1670 soretahsurdum,
1130 1586 1219 1651 aedat
1252 1583 1253 1604 ³

112 1679 243 1761 gentiles
260 1677 308 1739 nai
328 1683 402 1733 sunt
424 1672 548 1733 nomine
561 1670 637 1747 isto,
658 1690 719 1755 quo
733 1690 872 1751 magnam
887 1670 976 1733 illius
991 1676 1218 1737 veneratione·

112 1765 290 1847 probarent.
310 1758 421 1821 Lanu.
1066 1780 1073 1789 ·

196 1845 267 1910 aad.
279 1844 301 1903 l.
319 1844 364 1902 ila.
393 1837 464 1904 Τῶν
476 1838 510 1903 ἕν
529 1831 623 1922 'Asia
634 1832 765 1913 πόλεων)
786 1835 821 1899 In
839 1836 929 1919 Syria
948 1848 1022 1901 arat
1043 1840 1218 1923 Pcregtim

112 1932 148 1993 in
162 1929 286 1990 vincula
308 1926 482 2004 conjectas,
504 1934 539 1985 ut
559 1922 677 2005 liquido
690 1932 774 2003 patet
788 1944 830 1985 ex
843 1942 910 2004 cap.
927 1924 961 1985 h.
975 1934 1010 1985 et
1033 1936 1101 1992 aa:
1114 1942 1219 1989 etuas

114 2038 134 2077 a
154 2014 264 2093 Syriae
281 2010 444 2071 Praefecto
467 2009 612 2068 emissum
631 2006 754 2068 audies:
790 2005 873 2088 quod
901 2006 976 2067 ideo
1003 2010 1169 2089 oberro,
1191 2028 1220 2069 nc

116 2119 209 2181 quem
225 2096 347 2155 itineris
361 2094 400 2153 ab
413 2094 458 2151 eis
470 2112 506 2151 ea
520 2111 609 2152 causa
623 2090 757 2171 suscepti
776 2090 874 2171 fugiat
895 2092 1109 2173 magnitudo,
1130 2104 1222 2177 utque,

115 2201 194 2263 quaa
214 2178 326 2239 deinde
347 2176 386 2235 de
401 2175 651 2235 Christianorum
670 2174 827 2235 celeritate
845 2176 927 2237 etin
946 2177 1147 2241 universum
1161 2196 1223 2242 cart

115 2265 290 2337 adduntur,
312 2260 421 2321 melius
433 2260 653 2335 intelligantur.
672 2260 790 2319 Sonan.

201 2346 372 2409 aad.l.15.
392 2336 476 2407 'Aoi
494 2340 547 2407 τοῦ
568 2340 675 2407 κοινοῦ
686 2345 800 2426 liant.)
818 2340 908 2401 Nihil
928 2362 1006 2405 asna
1027 2348 1225 2429 magnifican-

115 2432 180 2495 tius
193 2430 233 2493 de
245 2426 490 2509 Christianorum
503 2426 652 2487 charitate
671 2427 840 2508 praedicari
853 2427 973 2506 potuit,
994 2432 1098 2511 cujus
1112 2452 1187 2493 cara
1197 2448 1225 2489 aa

116 2513 284 2580 solicitudo
293 2532 357 2573 non
370 2510 496 2593 corpori
510 2520 648 2582 tantum,
666 2514 725 2573 etsi
739 2510 896 2591 corporeis
915 2512 1014 2575 etiam
1038 2514 1227 2579 accantati-

117 2604 176 2665 hus
192 2598 355 2673 subvenit,
374 2596 428 2657 sed
443 2598 546 2655 animo
565 2596 757 2678 potissimum
773 2594 921 2671 consulit3
943 2614 1046 2675 quam
1063 2602 1227 2677 rationset

118 2682 378 2747 consolationibus
400 2680 546 2741 adversus
566 2680 645 2741 mala
664 2680 793 2740 instruit
811 2686 844 2739 et
866 2686 977 2745 armat.
1016 2682 1135 2763 Quin,
1154 2678 1227 2767 qast

119 2770 218 2851 majus
232 2774 297 2839 est,
320 2786 361 2825 ex
375 2784 430 2824 ore
443 2762 502 2824 hoc
514 2764 601 2823 andis
618 2760 797 2825 hominisid
814 2764 825 2823 i
862 2780 916 2823 am
934 2766 1085 2843 agentis,
1110 2776 1150 2831 ut
1167 2786 1228 2829 can

116 2852 286 2932 Peregrina
309 2848 499 2909 Christianae
519 2847 628 2910 ludum
646 2849 811 2930 jocumque
851 2846 951 2911 abeat.
983 2850 1228 2930 Pausaniqsin

116 2938 187 2999 vita
199 2934 401 2997 Aristomenis
415 2932 521 2993 eadem
534 2933 633 2993 terme
646 2932 743 2993 verba
761 2938 890 3011 usurpat
908 2950 980 3011 pag.
993 2932 1077 3003 236.
1090 2934 1157 3003 Ea.
1173 2934 1229 2997 01.

120 3022 214 3084 Corn.
233 3020 319 3097 Nep.
338 3018 389 3077 cui
415 3038 450 3079 aa
471 3017 537 3077 vita
559 3018 721 3096 subjuncta
742 3024 800 3079 eat.
819 3010 961 3097 'Asinae
974 3014 1010 3081 tii
1026 3014 1102 3083 τᾶν
1114 3017 1229 3087 instita

118 3104 276 3188 πέμπουσι
289 3100 553 3184 concanonicum
569 3100 767 3176 Μεσσηνίους
783 3110 842 3164 etc.
860 3104 1057 3177 praemissis
1070 3106 1229 3167 ciuitatis

116 3188 320 3272 principibus
325 3231 337 3265 ,
360 3190 416 3267 qui
428 3188 526 3244 socios
537 3187 772 3245 consolarentur.
793 3186 911 3247 sonsa.

203 3272 274 3336 aad.
287 3270 309 3330 l.
329 3270 377 3333 16.
403 3262 598 3352 Ἀμήχανον)
626 3269 696 3327 Hoc
718 3278 846 3349 propter
858 3275 1041 3347 susceptum
1057 3270 1101 3333 ab
1122 3269 1163 3333 iia
1179 3270 1231 3333 itat

119 3367 183 3419 tam
196 3357 323 3436 longum
335 3374 417 3414 nunc
430 3355 528 3427 addit;
551 3361 587 3412 ut
599 3351 778 3412 facilitatem
798 3350 1074 3433 Christianorum,
1090 3354 1132 3419 ad
1154 3372 1231 3417 anan

119 3442 281 3501 historiam
298 3458 482 3519 magnopere
494 3438 670 3510 facientem,
689 3435 841 3499 ostendat.
863 3434 933 3513 Qua
947 3434 984 3497 in
996 3456 1057 3510 rc,
1073 3438 1155 3501 dnm
1166 3456 1231 3523 prat

120 3525 225 3585 studio
245 3522 453 3598 detrectandi,
472 3530 507 3583 ut
527 3520 582 3597 fit,
601 3541 653 3581 res
671 3520 706 3581 in
727 3518 828 3579 medio
849 3519 964 3600 positas
977 3520 1066 3583 male
1077 3524 1233 3607 interpra-

121 3608 217 3669 tando
252 3626 452 3685 corrumpere
479 3604 659 3666 enixissime
686 3612 832 3674 conatur,
866 3602 1019 3665 eximium
1044 3606 1233 3689 'imprudens

124 3691 369 3752 Christianorum
385 3690 478 3749 decus
496 3688 668 3768 praedicat3
697 3696 730 3747 st
749 3700 785 3747 ut
801 3708 911 3769 sapen
929 3686 1105 3767 videatur,
1124 3694 1235 3753 mah·

124 3780 228 3856 ipsum
235 3816 247 3844 ,
267 3784 301 3833 ut
317 3776 360 3835 ait
372 3775 444 3846 ille,
467 3778 635 3851 vituperat.
659 3773 777 3832 Sanan.

207 3858 279 3918 cod.
299 3858 321 3918 l.
341 3876 386 3931 17·
414 3859 572 3936 Pa'anaoa,
602 3849 774 3937 δημόσιον)
805 3852 1073 3921 monstenem
1091 3858 1237 3933 distinxit

123 3944 232 4005 Solon.
247 3940 329 4022 quod
344 3942 449 4002 aberat
463 3946 500 4001 ab
516 3941 597 4004 Eoo.
616 3942 733 4001 Rotna-
1182 3998 1188 4009 ,

206 4026 278 4088 aad.
291 4025 314 4087 l·
332 4025 379 4084 18·
403 4019 460 4090 'Ea
479 4028 596 4108 βραχεῖ
610 4019 671 4106 reip
690 4018 852 4103 ἀφειδοῦσι
867 4018 1138 4101 asinarium
1155 4026 1237 4087 anim

125 4112 210 4173 nulli
221 4111 269 4173 rai
279 4122 429 4191 parcant.
450 4112 565 4193 Interp.
581 4109 675 4177 Maia.
693 4109 888 4171 vertendam
896 4107 982 4171 enim
995 4108 1122 4179 sstem
1138 4110 1236 4181 Nam,
