2506 4672
135 252 211 326 600
417 266 967 321 surorarronus

136 478 226 543 quam
239 453 354 521 indicat
366 452 486 517 versio:
509 451 705 532 promittitur
717 455 884 531 generatim
894 501 906 530 ,
934 464 1131 539 accepturum
1152 458 1239 521 indi-

134 564 213 619 cem,
232 538 385 623 quidquid·
396 541 461 617 ipse
473 537 634 616 stipulatus
647 538 706 596 sibi
721 538 836 602 fuerit:
857 534 969 624 ῥητόν,
989 542 1029 602 de
1043 564 1105 623 quo
1119 544 1237 606 dictum

136 626 188 690 rel
203 624 377 687 condictum
391 630 437 681 est
450 620 567 701 pbtius:
588 613 772 703 οότότομοτ,
806 624 887 703 quod
901 626 933 683 in
946 634 1099 706 potestate
1111 628 1164 687 vel
1180 631 1237 688 sub

116 711 202 789 ¹lege
218 708 302 790 quasi
317 715 422 767 nostra
434 713 495 769 est.
541 704 658 767 Probat
668 704 747 767 hanc
759 707 1041 787 interpretationem
1060 722 1190 772 eventus
1204 713 1237 772 in

11 830 14 837 ·
132 792 273 875 Orpheo.
295 790 400 854 Geso.

219 904 298 969 ibid.
318 898 392 969 'Elei
406 898 490 988 ρητόό
502 894 680 985 αότοτόμῳ)
709 903 771 965 Pru
788 896 948 991 αότοοόμῳ
960 906 1123 993 legendnm
1135 901 1237 991 unvi-

132 1014 209 1073 ιρῳ.
250 988 363 1057 Aliter,
385 988 436 1065 qui
452 987 496 1059 lit,
520 995 556 1043 ut
570 1006 645 1046 mox
658 981 814 1069 Ὀρφεός,
840 990 926 1068 qussi
947 988 1064 1053 dictum
1088 994 1237 1071 arripiat?

131 1071 257 1135 Deinde
271 1070 350 1132 nibil
368 1069 418 1131 bio
432 1062 617 1150 αὐτόνομον,
640 1071 700 1132 nisi
722 1072 804 1135 forte
824 1072 928 1154 legera
950 1074 1038 1135 melis
1049 1072 1098 1161 aqi
1110 1074 1169 1143 τοῦ
1183 1072 1235 1141 κό-

131 1180 205 1242 μοοτ
226 1158 348 1220 ὅπου.
871 1186 875 1195 ·

217 1257 285 1319 ead
302 1256 324 1315 l.
341 1256 391 1321 14.
416 1260 547 1323 ΔΕΣΠ.
571 1248 619 1321 oi
631 1250 718 1329 suoi)
752 1254 923 1333 Quomodo·
936 1257 1081 1319 exoidere
1100 1263 1235 1340 potuerit

132 1342 255 1423 negatio
270 1334 318 1415 ου’,
335 1339 378 1399 sio
393 1340 589 1417 imaginabar.
632 1337 710 1399 Cum
722 1341 871 1419 scriptum
885 1350 981 1415 esset,
999 1352 1074 1407 Aeo.
1098 1334 1137 1409 nil
1156 1345 1232 1410 suoi·

132 1426 208 1505 legit
220 1424 365 1486 librarius
378 1430 476 1509 Atqu.
490 1418 564 1486 soei.
607 1422 729 1498 Quanta
752 1424 924 1485 similitudo
945 1425 987 1484 sit
1012 1427 1044 1485 in
1065 1428 1143 1493 Mes.
1168 1430 1232 1510 qui·

132 1508 262 1571 busdam
275 1509 358 1567 inter
371 1532 395 1571 π
410 1507 541 1577 literam,
565 1516 597 1565 et
613 1508 696 1565 inter
711 1527 743 1580 n,
763 1517 888 1585 norunt,
908 1509 960 1587 qui
977 1510 1026 1568 uel
1040 1510 1138 1575 libros
1153 1514 1231 1573 anti·

133 1614 224 1675 quos,
244 1592 295 1654 vel
310 1602 395 1651 certe
407 1590 652 1670 Montesolcona'i
666 1590 933 1670 Palaeogruphiam
948 1593 1074 1652 trivere.
1108 1596 1161 1656 De
1179 1618 1232 1677 ap·

132 1677 300 1757 pellatione
322 1673 468 1734 Cambari
491 1696 519 1737 s.
530 1674 681 1734 scarabaei
703 1674 767 1735 vid.
791 1695 883 1752 supra
904 1675 943 1734 ad
960 1676 1103 1740 Pseudol.
1122 1700 1189 1760 cap.
1204 1681 1232 1741 ό.

132 1760 176 1822 Et
188 1758 263 1843 quid
279 1760 306 1818 si
322 1759 359 1818 ad
376 1760 504 1818 eandem
526 1779 593 1819 rem
613 1778 647 1815 ac
663 1757 886 1836 turpitudinem
899 1760 1089 1839 respicitur?
1110 1763 1213 1833 Gran.

141 1908 144 1913 ·
217 1872 293 1933 ibid.
314 1867 516 1950 Nouissime)
534 1867 632 1940 Νοοῖ,
654 1864 792 1943 οἷοότος.
817 1872 946 1936 Gurnu.
993 1874 1093 1956 quue
1114 1876 1230 1947 admisi,

133 1977 204 2019 oum
214 1957 386 2019 invenirem
401 1958 433 2015 in
448 1958 523 2020 Bas.
564 1956 624 2015 Sed
647 1957 836 2033 negationem
861 1957 928 2015 sine
948 1960 1128 2019 auctoritate
1153 1982 1232 2035 uon-

133 2041 209 2101 dum
223 2040 312 2113 addo,
333 2041 404 2123 quia
421 2041 513 2099 nimis
529 2039 810 2113 videturlicentiat
831 2039 1000 2103 addendam
1014 2050 1136 2123 tamen,
1158 2040 1238 2105 Ges·¹

133 2144 206 2186 mro
222 2124 357 2187 maxime
371 2122 514 2183 concedo.
538 2123 653 2189 Rurrz.
1159 2152 1163 2157 ·

217 2224 297 2289 ibid.
307 2219 372 2292 “os
384 2218 558 2305 κηρόττξις)
578 2218 677 2289 Enii
692 2223 728 2284 ad
743 2226 941 2303 praemissum
956 2220 1161 2309 όοόροόποόοτ,
1180 2228 1230 2290 vel

133 2328 191 2392 per
203 2310 256 2385 ae,
280 2319 365 2371 recte
382 2305 494 2382 haben
514 2308 623 2369 melius
635 2319 736 2367 tamen
749 2303 803 2380 ds,
834 2311 904 2389 quia
918 2331 996 2371 nova
1012 2312 1089 2370 haec
1103 2334 1231 2415 persona

131 2408 205 2453 eum
218 2394 344 2453 nomine
358 2393 491 2457 nissculo
505 2393 613 2475 incipit
625 2393 797 2473 appellare,
826 2403 862 2455 ut
880 2394 968 2456 videa
989 2414 1032 2463 ex
1058 2402 1232 2481 Κακθαρος

133 2487 166 2537 et
179 2469 359 2559 καθήμενος
372 2486 432 2543 etc,
453 2477 571 2539 Rem.

167 2642 174 2653 ,
216 2580 302 2657 Peg.
318 2579 388 2641 315.
402 2578 422 2636 l.
443 2596 469 2638 1.
487 2571 623 2657 Ἐκόμα)
647 2576 719 2641 Vid.
733 2576 799 2655 Vit.¹
810 2576 947 2645 duone.
963 2597 1015 2647 κο.
1028 2579 1085 2640 ubi
1097 2578 1232 2661 Ογηίοοτ

155 2658 334 2745 bilosupbu's
349 2662 381 2726 ia
397 2659 462 2747 χρῷ
478 2663 603 2744 κουρόος
619 2660 748 2740 dieitur,
778 2671 810 2722 et
824 2683 900 2743 quae
914 2663 1138 2739 illiusdnutnts
1150 2675 1232 2733 snut.

132 2683 196 2805 ilio
209 2765 294 2820 vero,
314 2755 454 2825 utsupra
467 2747 666 2825 Peregrin.,c.
684 2748 732 2813 15.
746 2744 844 2827 κομᾷν
865 2766 935 2808 cum
948 2748 1042 2809 iidem
1056 2744 1167 2827 Cynici
1180 2750 1231 2809 ‹li-

134 2839 255 2902 cuntur,
277 2830 316 2888 de
329 2831 422 2889 hurbe
435 2828 665 2908 intelligendum
683 2840 737 2906 est,
757 2840 788 2890 et
799 2830 913 2909 uliquid
928 2832 1079 2893 excidisse
1095 2834 1231 2907 videtu'r,

62 2980 64 2985 ,
135 2933 198 2995 quo
210 2912 287 2973 illud
301 2913 531 2991 designabatur,
562 2914 611 2973 vel
633 2914 733 2987 potius
752 2915 814 2975 levi
830 2916 998 2975 mutatione
1013 2916 1164 2977 sanandus
1179 2916 1231 2978 bio

134 2996 234 3068 locus,
254 2996 476 3076 legendumque
495 2988 591 3077 ἐκόμα
613 2996 644 3061 δὲ
660 2991 698 3060 τό
708 2997 825 3077 γένειον
843 3000 897 3064 καῖ
919 2998 1069 3075 itiitere,
1090 3003 1174 3081 quud
1193 3001 1232 3062 iis

135 3080 252 3160 optime
265 3081 438 3152 conueniet,
457 3102 534 3160 quae
549 3081 630 3140 infra
646 3081 684 3139 de
699 3103 735 3140 eo
750 3082 900 3159 dicentur,
918 3103 984 3163 cap.
999 3084 1056 3149 ult.
1097 3086 1232 3147 Mirabi-

133 3174 187 3224 tur
201 3163 306 3224 forsan
322 3165 439 3242 aliquia,
462 3165 515 3243 qui
528 3164 643 3223 sactum
661 3166 710 3240 sit,
730 3167 831 3245 utqui
845 3168 965 3227 barbtm
981 3168 1089 3229 radere
1101 3170 1232 3245 nollent,

134 3268 253 3308 comam
265 3248 348 3306 alere
362 3250 552 3315 recusarint3
573 3249 689 3307 dicam:
718 3249 752 3307 in
765 3252 917 3311 contraria
932 3252 1034 3313 omnia
1047 3252 1147 3313 ituros
1162 3274 1233 3315 cer.-

132 3341 201 3395 tum
215 3341 269 3407 est,
287 3332 398 3413 quibus
415 3335 605 3391 morosuista
618 3334 697 3391 ratio
712 3328 858 3413 placebat.
877 3336 995 3395 sessu.

218 3446 287 3511 ead.
310 3447 331 3508 l.
345 3449 373 3506 4.
399 3439 550 3526 Περτττόο
563 3447 625 3520 τοῖς
642 3449 785 3528 ἱματίοις)
798 3447 1074 3527 Legend.Casuub.
1088 3448 1128 3511 ad
1136 3450 1233 3513 Theo·

130 3528 253 3609 phrasi.
269 3551 335 3609 cap.
352 3531 389 3590 de
401 3532 513 3593 adulat.
535 3532 658 3593 Bonan.
951 3570 955 3577 -

143 3659 146 3663 ·
218 3631 320 3698 eod-l.
337 3635 367 3696 5.
397 3626 532 3704 Ἐκεῖνος
555 3626 668 3706 selide)
696 3634 765 3692 Hoc
785 3632 1004 3713 interrogative
1027 3637 1233 3716 pronuntian-

136 3714 372 3777 dumfortssse:
403 3716 517 3786 ἐκεῖνος
536 3711 630 3789 αότός
645 3717 727 3781 ἔστιν
749 3715 766 3780 a*
790 3714 904 3798 οἰκέτης
927 3709 945 3780 ό
967 3710 1037 3797 σός,·
1066 3734 1105 3777 an
1126 3720 1234 3798 legen-

134 3799 226 3873 dum,
252 3796 368 3872 inrisae
388 3793 485 3873 αὐτός
507 3792 547 3879 ἦν
569 3798 585 3864 ό
609 3801 732 3878 οἰκέτης
751 3798 767 3863 ό
784 3796 854 3873 σός·
881 3804 950 3861 telis
963 3814 1030 3861 erat
1041 3822 1149 3861 servus
1162 3816 1233 3863 tuns

133 3893 240 3951 antea,
270 3882 325 3940 sed
347 3904 427 3941 nuno
451 3893 510 3945 etc.
531 3886 598 3944 sine
617 3886 1017 3963 interrogatione.·Gurar.
1058 3886 1105 3945 Ut
1126 3890 1161 3945 in
1184 3888 1232 3947 bis

133 3967 256 4042 verbis,
275 3966 387 4046 imper
402 3977 498 4025 totum
514 3970 631 4039 lorum,
653 3978 758 4048 torpet
773 3970 884 4047 Guyeti
900 3970 1037 4051 alioquin
1057 3968 1142 4031 hand
1155 3992 1234 4033 oon·

134 4048 484 4113 temnendumacumen.
507 4052 580 4121 Vid,
595 4054 686 4115 Varr.
700 4053 806 4113 Leott.
823 4053 935 4118 Lean.
1049 4074 1052 4079 ·
1115 4122 1120 4131 Ι
