<?xml version="1.0" encoding="UTF-8"?>
<!DOCTYPE html PUBLIC "-//W3C//DTD XHTML 1.0 Transitional//EN"
    "http://www.w3.org/TR/xhtml1/DTD/xhtml1-transitional.dtd">
<html xmlns="http://www.w3.org/1999/xhtml" xml:lang="en" lang="en">
 <head>
  <title>
</title>
<meta http-equiv="Content-Type" content="text/html;charset=utf-8" />
  <meta name='ocr-system' content='tesseract 3.04.00' />
  <meta name='ocr-capabilities' content='ocr_page ocr_carea ocr_par ocr_line ocrx_word'/>
</head>
<body>
  <div class='ocr_page' id='page_1' title='image "./lucianisamosate02lehmgoog_0561.png"; bbox 0 0 2506 4672; ppageno 0'>
   <div class='ocr_carea' id='block_1_1' title="bbox 127 344 1042 431">
    <p class='ocr_par' dir='ltr' id='par_1_1' title="bbox 127 344 1042 431">
     <span class='ocr_line' id='line_1_1' title="bbox 127 344 1042 431; baseline -0.014 -14"><span class='ocrx_word' id='word_1_1' title='bbox 127 344 202 417; x_wconf 77' lang='lat'><strong>558</strong></span> <span class='ocrx_word' id='word_1_2' title='bbox 373 352 1042 431; x_wconf 67' lang='lat' dir='ltr'><strong>&#39;&#39;terrenorsrronua¹</strong></span> 
     </span>
    </p>
   </div>
   <div class='ocr_carea' id='block_1_2' title="bbox 51 534 1247 1209">
    <p class='ocr_par' dir='ltr' id='par_1_2' title="bbox 51 534 1247 1209">
     <span class='ocr_line' id='line_1_2' title="bbox 124 534 1246 637; baseline -0.002 -32"><span class='ocrx_word' id='word_1_3' title='bbox 124 540 323 637; x_wconf 81' lang='lat' dir='ltr'><strong>philosophi,</strong></span> <span class='ocrx_word' id='word_1_4' title='bbox 345 550 555 625; x_wconf 84' lang='lat' dir='ltr'><strong>contemptum</strong></span> <span class='ocrx_word' id='word_1_5' title='bbox 573 538 681 602; x_wconf 81' lang='lat' dir='ltr'><strong>mortis</strong></span> <span class='ocrx_word' id='word_1_6' title='bbox 694 556 770 622; x_wconf 84' lang='lat' dir='ltr'><strong>pras</strong></span> <span class='ocrx_word' id='word_1_7' title='bbox 784 558 818 599; x_wconf 89' lang='lat' dir='ltr'><strong>se</strong></span> <span class='ocrx_word' id='word_1_8' title='bbox 831 534 993 617; x_wconf 77' lang='lat' dir='ltr'><strong>terebant3</strong></span> <span class='ocrx_word' id='word_1_9' title='bbox 1016 558 1163 622; x_wconf 80' lang='lat' dir='ltr'><strong>quorum</strong></span> <span class='ocrx_word' id='word_1_10' title='bbox 1179 558 1246 623; x_wconf 84' lang='lat' dir='ltr'><strong>pau·</strong></span> 
     </span>
     <span class='ocr_line' id='line_1_3' title="bbox 128 624 1246 707; baseline -0.005 -18"><span class='ocrx_word' id='word_1_11' title='bbox 128 631 178 699; x_wconf 88' lang='lat' dir='ltr'><strong>ci,</strong></span> <span class='ocrx_word' id='word_1_12' title='bbox 200 650 271 688; x_wconf 82' lang='lat' dir='ltr'><strong>rum</strong></span> <span class='ocrx_word' id='word_1_13' title='bbox 292 628 326 687; x_wconf 88' lang='lat' dir='ltr'><strong>in</strong></span> <span class='ocrx_word' id='word_1_14' title='bbox 346 650 412 687; x_wconf 89' lang='lat' dir='ltr'><strong>renr</strong></span> <span class='ocrx_word' id='word_1_15' title='bbox 439 634 629 705; x_wconf 75' lang='lat' dir='ltr'><strong>praesentem</strong></span> <span class='ocrx_word' id='word_1_16' title='bbox 653 636 780 685; x_wconf 88' lang='lat' dir='ltr'><strong>ventum</strong></span> <span class='ocrx_word' id='word_1_17' title='bbox 802 635 867 699; x_wconf 86' lang='lat' dir='ltr'><strong>est,</strong></span> <span class='ocrx_word' id='word_1_18' title='bbox 888 634 1032 687; x_wconf 81' lang='lat' dir='ltr'><strong>ereetum</strong></span> <span class='ocrx_word' id='word_1_19' title='bbox 1046 624 1147 687; x_wconf 87' lang='lat' dir='ltr'><strong>illum</strong></span> <span class='ocrx_word' id='word_1_20' title='bbox 1166 634 1246 707; x_wconf 88' lang='lat' dir='ltr'><strong>atque</strong></span> 
     </span>
     <span class='ocr_line' id='line_1_4' title="bbox 125 704 1247 792; baseline -0.004 -18"><span class='ocrx_word' id='word_1_21' title='bbox 125 714 374 792; x_wconf 85' lang='lat' dir='ltr'><strong>imperterritum</strong></span> <span class='ocrx_word' id='word_1_22' title='bbox 394 712 596 771; x_wconf 86' lang='lat' dir='ltr'><strong>obtinuerunt</strong></span> <span class='ocrx_word' id='word_1_23' title='bbox 616 711 763 775; x_wconf 87' lang='lat' dir='ltr'><strong>animum.</strong></span> <span class='ocrx_word' id='word_1_24' title='bbox 796 708 870 767; x_wconf 88' lang='lat' dir='ltr'><strong>Non</strong></span> <span class='ocrx_word' id='word_1_25' title='bbox 891 710 933 767; x_wconf 85' lang='lat' dir='ltr'><strong>ita</strong></span> <span class='ocrx_word' id='word_1_26' title='bbox 940 749 952 783; x_wconf 89' lang='lat'><strong>,</strong></span> <span class='ocrx_word' id='word_1_27' title='bbox 971 704 1139 789; x_wconf 79' lang='lat' dir='ltr'><strong>inquam,</strong></span> <span class='ocrx_word' id='word_1_28' title='bbox 1161 708 1247 769; x_wconf 81' lang='lat' dir='ltr'><strong>chri·</strong></span> 
     </span>
     <span class='ocr_line' id='line_1_5' title="bbox 131 792 1247 875; baseline -0.003 -19"><span class='ocrx_word' id='word_1_29' title='bbox 131 798 239 869; x_wconf 77' lang='lat' dir='ltr'><strong>stiani3</strong></span> <span class='ocrx_word' id='word_1_30' title='bbox 262 796 342 873; x_wconf 90' lang='lat' dir='ltr'><strong>apud</strong></span> <span class='ocrx_word' id='word_1_31' title='bbox 357 816 432 875; x_wconf 89' lang='lat' dir='ltr'><strong>quos</strong></span> <span class='ocrx_word' id='word_1_32' title='bbox 451 796 560 853; x_wconf 86' lang='lat' dir='ltr'><strong>mortis</strong></span> <span class='ocrx_word' id='word_1_33' title='bbox 575 802 772 873; x_wconf 88' lang='lat' dir='ltr'><strong>contemptus</strong></span> <span class='ocrx_word' id='word_1_34' title='bbox 792 812 834 853; x_wconf 84' lang='lat' dir='ltr'><strong>ex</strong></span> <span class='ocrx_word' id='word_1_35' title='bbox 857 792 924 875; x_wconf 86' lang='lat' dir='ltr'><strong>ipsa</strong></span> <span class='ocrx_word' id='word_1_36' title='bbox 944 800 1051 867; x_wconf 81' lang='lat' dir='ltr'><strong>morte</strong></span> <span class='ocrx_word' id='word_1_37' title='bbox 1077 794 1247 875; x_wconf 85' lang='lat' dir='ltr'><strong>conspicie-</strong></span> 
     </span>
     <span class='ocr_line' id='line_1_6' title="bbox 130 874 1246 957; baseline -0.003 -17"><span class='ocrx_word' id='word_1_38' title='bbox 130 880 240 953; x_wconf 86' lang='lat' dir='ltr'><strong>batur,</strong></span> <span class='ocrx_word' id='word_1_39' title='bbox 268 898 329 939; x_wconf 90' lang='lat' dir='ltr'><strong>non</strong></span> <span class='ocrx_word' id='word_1_40' title='bbox 350 890 391 939; x_wconf 81' lang='lat' dir='ltr'><strong>ex&#39;</strong></span> <span class='ocrx_word' id='word_1_41' title='bbox 416 878 608 938; x_wconf 79' lang='lat' dir='ltr'><strong>sermonibus</strong></span> <span class='ocrx_word' id='word_1_42' title='bbox 628 874 906 937; x_wconf 82' lang='lat' dir='ltr'><strong>orationibusvead</strong></span> <span class='ocrx_word' id='word_1_43' title='bbox 926 884 1079 957; x_wconf 81' lang='lat' dir='ltr'><strong>pompam</strong></span> <span class='ocrx_word' id='word_1_44' title='bbox 1097 876 1172 939; x_wconf 79' lang='lat' dir='ltr'><strong>sere</strong></span> <span class='ocrx_word' id='word_1_45' title='bbox 1191 886 1246 939; x_wconf 83' lang='lat' dir='ltr'><strong>ete</strong></span> 
     </span>
     <span class='ocr_line' id='line_1_7' title="bbox 128 956 1246 1045; baseline -0.002 -24"><span class='ocrx_word' id='word_1_46' title='bbox 128 962 268 1045; x_wconf 84' lang='lat' dir='ltr'><strong>periculo</strong></span> <span class='ocrx_word' id='word_1_47' title='bbox 292 962 400 1043; x_wconf 89' lang='lat' dir='ltr'><strong>procul</strong></span> <span class='ocrx_word' id='word_1_48' title='bbox 422 962 553 1021; x_wconf 84' lang='lat' dir='ltr'><strong>habitis:</strong></span> <span class='ocrx_word' id='word_1_49' title='bbox 581 962 693 1043; x_wconf 82' lang='lat' dir='ltr'><strong>quibus</strong></span> <span class='ocrx_word' id='word_1_50' title='bbox 714 962 833 1021; x_wconf 82' lang='lat' dir='ltr'><strong>scilicet</strong></span> <span class='ocrx_word' id='word_1_51' title='bbox 860 956 1067 1021; x_wconf 79' lang='lat' dir='ltr'><strong>inimicorum</strong></span> <span class='ocrx_word' id='word_1_52' title='bbox 1092 962 1205 1022; x_wconf 80' lang='lat' dir='ltr'><strong>insane</strong></span> <span class='ocrx_word' id='word_1_53' title='bbox 1222 970 1246 1019; x_wconf 90' lang='lat' dir='ltr'><strong>et</strong></span> 
     </span>
     <span class='ocr_line' id='line_1_8' title="bbox 51 1044 1247 1127; baseline 0.002 -24"><span class='ocrx_word' id='word_1_54' title='bbox 51 1090 58 1103; x_wconf 84' lang='grc'><em>,</em></span> <span class='ocrx_word' id='word_1_55' title='bbox 129 1047 295 1126; x_wconf 80' lang='lat' dir='ltr'><strong>impotenti</strong></span> <span class='ocrx_word' id='word_1_56' title='bbox 317 1066 442 1127; x_wconf 87' lang='lat' dir='ltr'><strong>prorsus</strong></span> <span class='ocrx_word' id='word_1_57' title='bbox 467 1048 569 1120; x_wconf 84' lang='lat' dir='ltr'><strong>rabie,</strong></span> <span class='ocrx_word' id='word_1_58' title='bbox 596 1046 745 1125; x_wconf 87' lang='lat' dir='ltr'><strong>supplicia</strong></span> <span class='ocrx_word' id='word_1_59' title='bbox 767 1044 1084 1125; x_wconf 79' lang='lat' dir='ltr'><strong>ornnisquegeneris</strong></span> <span class='ocrx_word' id='word_1_60' title='bbox 1099 1052 1247 1105; x_wconf 80' lang='lat' dir='ltr'><strong>tormenta</strong></span> 
     </span>
     <span class='ocr_line' id='line_1_9' title="bbox 129 1124 1246 1209; baseline -0.002 -18"><span class='ocrx_word' id='word_1_61' title='bbox 129 1130 343 1194; x_wconf 77' lang='lat' dir='ltr'><strong>imminebant.</strong></span> <span class='ocrx_word' id='word_1_62' title='bbox 374 1132 434 1191; x_wconf 84' lang='lat' dir='ltr'><strong>His</strong></span> <span class='ocrx_word' id='word_1_63' title='bbox 456 1150 521 1191; x_wconf 92' lang='lat' dir='ltr'><strong>non</strong></span> <span class='ocrx_word' id='word_1_64' title='bbox 541 1130 634 1189; x_wconf 85' lang='lat' dir='ltr'><strong>delati</strong></span> <span class='ocrx_word' id='word_1_65' title='bbox 655 1129 755 1189; x_wconf 88' lang='lat' dir='ltr'><strong>solum</strong></span> <span class='ocrx_word' id='word_1_66' title='bbox 772 1150 808 1187; x_wconf 87' lang='lat' dir='ltr'><strong>ac</strong></span> <span class='ocrx_word' id='word_1_67' title='bbox 822 1124 1009 1209; x_wconf 76' lang='lat' dir='ltr'><strong>deprehensi</strong></span> <span class='ocrx_word' id='word_1_68' title='bbox 1026 1128 1179 1191; x_wconf 83' lang='lat' dir='ltr'><strong>eervices</strong></span> <span class='ocrx_word' id='word_1_69' title='bbox 1194 1128 1246 1189; x_wconf 80' lang='lat' dir='ltr'><strong>sls-</strong></span> 
     </span>
    </p>
   </div>
   <div class='ocr_carea' id='block_1_3' title="bbox 12 1204 1245 1379">
    <p class='ocr_par' dir='ltr' id='par_1_3' title="bbox 12 1204 1245 1379">
     <span class='ocr_line' id='line_1_10' title="bbox 12 1204 1245 1291; baseline -0.003 -19"><span class='ocrx_word' id='word_1_70' title='bbox 12 1238 15 1243; x_wconf 95' lang='lat'>·</span> <span class='ocrx_word' id='word_1_71' title='bbox 128 1214 228 1275; x_wconf 72' lang='lat' dir='ltr'><strong>priter</strong></span> <span class='ocrx_word' id='word_1_72' title='bbox 241 1214 431 1290; x_wconf 78' lang='lat' dir='ltr'><strong>subdebaut3</strong></span> <span class='ocrx_word' id='word_1_73' title='bbox 447 1214 558 1289; x_wconf 76' lang='lat' dir='ltr'><strong>facile,</strong></span> <span class='ocrx_word' id='word_1_74' title='bbox 582 1214 607 1273; x_wconf 88' lang='lat' dir='ltr'><strong>si</strong></span> <span class='ocrx_word' id='word_1_75' title='bbox 621 1214 779 1289; x_wconf 78' lang='lat' dir='ltr'><strong>libuisset,</strong></span> <span class='ocrx_word' id='word_1_76' title='bbox 799 1204 1172 1291; x_wconf 63' lang='lat' dir='ltr'><strong>abnegandoss&#39;Christum</strong></span> <span class='ocrx_word' id='word_1_77' title='bbox 1185 1214 1245 1273; x_wconf 84' lang='lat' dir='ltr'><strong>snb·</strong></span> 
     </span>
     <span class='ocr_line' id='line_1_11' title="bbox 35 1292 1245 1379; baseline -0.005 -16"><span class='ocrx_word' id='word_1_78' title='bbox 35 1358 38 1363; x_wconf 91' lang='lat'><strong>.</strong></span> <span class='ocrx_word' id='word_1_79' title='bbox 129 1300 283 1366; x_wconf 68' lang='lat' dir='ltr'><strong>&#39;tractarit</strong></span> <span class='ocrx_word' id='word_1_80' title='bbox 311 1318 422 1359; x_wconf 78' lang='lat' dir='ltr'><strong>aarum</strong></span> <span class='ocrx_word' id='word_1_81' title='bbox 442 1297 561 1379; x_wconf 85' lang='lat' dir='ltr'><strong>reperti</strong></span> <span class='ocrx_word' id='word_1_82' title='bbox 584 1298 697 1369; x_wconf 87' lang='lat' dir='ltr'><strong>etiam,</strong></span> <span class='ocrx_word' id='word_1_83' title='bbox 725 1298 779 1379; x_wconf 89' lang='lat' dir='ltr'><strong>qui</strong></span> <span class='ocrx_word' id='word_1_84' title='bbox 801 1314 869 1357; x_wconf 85' lang='lat' dir='ltr'><strong>sese</strong></span> <span class='ocrx_word' id='word_1_85' title='bbox 887 1292 981 1355; x_wconf 85' lang='lat' dir='ltr'><strong>morti</strong></span> <span class='ocrx_word' id='word_1_86' title='bbox 1001 1296 1096 1357; x_wconf 84' lang='lat' dir='ltr'><strong>ultro</strong></span> <span class='ocrx_word' id='word_1_87' title='bbox 1108 1338 1121 1369; x_wconf 87' lang='lat'><strong>,</strong></span> <span class='ocrx_word' id='word_1_88' title='bbox 1151 1306 1188 1357; x_wconf 88' lang='lat' dir='ltr'><strong>nt</strong></span> <span class='ocrx_word' id='word_1_89' title='bbox 1204 1296 1245 1357; x_wconf 81' lang='lat' dir='ltr'><strong>tie</strong></span> 
     </span>
    </p>
   </div>
   <div class='ocr_carea' id='block_1_4' title="bbox 58 1376 1252 4239">
    <p class='ocr_par' dir='ltr' id='par_1_4' title="bbox 58 1376 1252 4239">
     <span class='ocr_line' id='line_1_12' title="bbox 127 1376 1245 1463; baseline -0.001 -21"><span class='ocrx_word' id='word_1_90' title='bbox 127 1394 207 1442; x_wconf 85' lang='lat' dir='ltr'><strong>&#39;vere</strong></span> <span class='ocrx_word' id='word_1_91' title='bbox 227 1382 287 1459; x_wconf 85' lang='lat' dir='ltr'><strong>ait,</strong></span> <span class='ocrx_word' id='word_1_92' title='bbox 308 1382 464 1443; x_wconf 82' lang='lat' dir='ltr'><strong>offerrent.</strong></span> <span class='ocrx_word' id='word_1_93' title='bbox 491 1380 587 1463; x_wconf 84' lang='lat' dir='ltr'><strong>Cujus</strong></span> <span class='ocrx_word' id='word_1_94' title='bbox 609 1382 657 1441; x_wconf 86' lang='lat' dir='ltr'><strong>rei</strong></span> <span class='ocrx_word' id='word_1_95' title='bbox 678 1380 820 1461; x_wconf 79' lang='lat' dir='ltr'><strong>exempla</strong></span> <span class='ocrx_word' id='word_1_96' title='bbox 836 1377 924 1459; x_wconf 88' lang='lat' dir='ltr'><strong>apud&#39;</strong></span> <span class='ocrx_word' id='word_1_97' title='bbox 946 1376 1178 1453; x_wconf 80' lang='lat' dir='ltr'><strong>Christianos,</strong></span> <span class='ocrx_word' id='word_1_98' title='bbox 1202 1380 1245 1463; x_wconf 82' lang='lat' dir='ltr'><strong>qni</strong></span> 
     </span>
     <span class='ocr_line' id='line_1_13' title="bbox 127 1463 1244 1546; baseline -0.001 -18"><span class='ocrx_word' id='word_1_99' title='bbox 127 1467 215 1528; x_wconf 86' lang='lat' dir='ltr'><strong>¹illius</strong></span> <span class='ocrx_word' id='word_1_100' title='bbox 241 1467 348 1527; x_wconf 87' lang='lat' dir='ltr'><strong>aetatis</strong></span> <span class='ocrx_word' id='word_1_101' title='bbox 368 1466 527 1526; x_wconf 81' lang='lat' dir='ltr'><strong>historiam</strong></span> <span class='ocrx_word' id='word_1_102' title='bbox 554 1466 691 1546; x_wconf 86' lang='lat' dir='ltr'><strong>proximi</strong></span> <span class='ocrx_word' id='word_1_103' title='bbox 720 1465 780 1545; x_wconf 92' lang='lat' dir='ltr'><strong>ipsi</strong></span> <span class='ocrx_word' id='word_1_104' title='bbox 805 1464 974 1545; x_wconf 79' lang='lat' dir='ltr'><strong>scripsere,</strong></span> <span class='ocrx_word' id='word_1_105' title='bbox 1012 1463 1169 1527; x_wconf 78' lang='lat' dir='ltr'><strong>invenies</strong></span> <span class='ocrx_word' id='word_1_106' title='bbox 1193 1484 1244 1527; x_wconf 82' lang='lat' dir='ltr'><strong>not</strong></span> 
     </span>
     <span class='ocr_line' id='line_1_14' title="bbox 131 1546 1244 1633; baseline 0.001 -25"><span class='ocrx_word' id='word_1_107' title='bbox 131 1568 245 1633; x_wconf 86' lang='lat' dir='ltr'><strong>pauca:</strong></span> <span class='ocrx_word' id='word_1_108' title='bbox 265 1571 361 1611; x_wconf 87' lang='lat' dir='ltr'><strong>unum</strong></span> <span class='ocrx_word' id='word_1_109' title='bbox 377 1551 528 1611; x_wconf 88' lang='lat' dir='ltr'><strong>tamenin</strong></span> <span class='ocrx_word' id='word_1_110' title='bbox 550 1549 598 1609; x_wconf 88' lang='lat' dir='ltr'><strong>his</strong></span> <span class='ocrx_word' id='word_1_111' title='bbox 618 1547 844 1625; x_wconf 83' lang='lat' dir='ltr'><strong>eximium,&#39;ad</strong></span> <span class='ocrx_word' id='word_1_112' title='bbox 863 1546 945 1629; x_wconf 89' lang='lat' dir='ltr'><strong>quod</strong></span> <span class='ocrx_word' id='word_1_113' title='bbox 966 1550 1161 1627; x_wconf 76' lang='lat' dir='ltr'><strong>respexisse</strong></span> <span class='ocrx_word' id='word_1_114' title='bbox 1174 1546 1244 1611; x_wconf 85' lang='lat' dir='ltr'><strong>bono</strong></span> 
     </span>
     <span class='ocr_line' id='line_1_15' title="bbox 129 1628 1243 1714; baseline 0.001 -19"><span class='ocrx_word' id='word_1_115' title='bbox 129 1642 270 1695; x_wconf 83' lang='lat' dir='ltr'><strong>nostrum</strong></span> <span class='ocrx_word' id='word_1_116' title='bbox 282 1632 405 1714; x_wconf 85' lang='lat' dir='ltr'><strong>potem,</strong></span> <span class='ocrx_word' id='word_1_117' title='bbox 421 1644 527 1693; x_wconf 90' lang='lat' dir='ltr'><strong>narrat</strong></span> <span class='ocrx_word' id='word_1_118' title='bbox 541 1634 575 1694; x_wconf 91' lang='lat' dir='ltr'><strong>in</strong></span> <span class='ocrx_word' id='word_1_119' title='bbox 591 1634 739 1713; x_wconf 82' lang='lat' dir='ltr'><strong>Apologia</strong></span> <span class='ocrx_word' id='word_1_120' title='bbox 756 1633 861 1713; x_wconf 83' lang='lat' dir='ltr'><strong>priore</strong></span> <span class='ocrx_word' id='word_1_121' title='bbox 876 1632 974 1705; x_wconf 83' lang='lat' dir='ltr'><strong>(anuo</strong></span> <span class='ocrx_word' id='word_1_122' title='bbox 995 1652 1064 1699; x_wconf 82' lang='lat' dir='ltr'><strong>uno</strong></span> <span class='ocrx_word' id='word_1_123' title='bbox 1084 1628 1146 1695; x_wconf 78' lang='lat' dir='ltr'><strong>aut</strong></span> <span class='ocrx_word' id='word_1_124' title='bbox 1161 1632 1243 1696; x_wconf 72' lang='lat' dir='ltr'><strong>alim</strong></span> 
     </span>
     <span class='ocr_line' id='line_1_16' title="bbox 106 1714 1242 1798; baseline -0.002 -21"><span class='ocrx_word' id='word_1_125' title='bbox 106 1724 109 1729; x_wconf 82' lang='lat'>&#39;</span> <span class='ocrx_word' id='word_1_126' title='bbox 132 1728 205 1777; x_wconf 87' lang='lat' dir='ltr'><strong>ante</strong></span> <span class='ocrx_word' id='word_1_127' title='bbox 221 1718 279 1777; x_wconf 86' lang='lat' dir='ltr'><strong>huc</strong></span> <span class='ocrx_word' id='word_1_128' title='bbox 295 1740 372 1798; x_wconf 89' lang='lat' dir='ltr'><strong>opus</strong></span> <span class='ocrx_word' id='word_1_129' title='bbox 388 1718 503 1794; x_wconf 77' lang='lat' dir='ltr'><strong>edita),</strong></span> <span class='ocrx_word' id='word_1_130' title='bbox 525 1721 668 1778; x_wconf 82' lang='lat' dir='ltr'><strong>lustinus</strong></span> <span class='ocrx_word' id='word_1_131' title='bbox 684 1720 825 1795; x_wconf 82' lang='lat' dir='ltr'><strong>Martyr,</strong></span> <span class='ocrx_word' id='word_1_132' title='bbox 848 1735 939 1797; x_wconf 88' lang='lat' dir='ltr'><strong>quem</strong></span> <span class='ocrx_word' id='word_1_133' title='bbox 958 1714 1055 1777; x_wconf 70' lang='lat' dir='ltr'><strong>vieta.-</strong></span> <span class='ocrx_word' id='word_1_134' title='bbox 1072 1716 1132 1779; x_wconf 82' lang='lat' dir='ltr'><strong>De</strong></span> <span class='ocrx_word' id='word_1_135' title='bbox 1148 1718 1242 1781; x_wconf 82' lang='lat' dir='ltr'><strong>eodesi</strong></span> 
     </span>
     <span class='ocr_line' id='line_1_17' title="bbox 89 1796 1242 1879; baseline -0.002 -18"><span class='ocrx_word' id='word_1_136' title='bbox 89 1808 93 1815; x_wconf 86' lang='lat'>&#39;</span> <span class='ocrx_word' id='word_1_137' title='bbox 132 1814 312 1879; x_wconf 83' lang='lat' dir='ltr'><strong>argumento</strong></span> <span class='ocrx_word' id='word_1_138' title='bbox 326 1802 451 1862; x_wconf 86' lang='lat' dir='ltr'><strong>consule</strong></span> <span class='ocrx_word' id='word_1_139' title='bbox 467 1802 560 1862; x_wconf 86' lang='lat' dir='ltr'><strong>etiam</strong></span> <span class='ocrx_word' id='word_1_140' title='bbox 575 1803 626 1864; x_wconf 88' lang='lat' dir='ltr'><strong>M.</strong></span> <span class='ocrx_word' id='word_1_141' title='bbox 646 1804 810 1860; x_wconf 80' lang='lat' dir='ltr'><strong>Aurelium</strong></span> <span class='ocrx_word' id='word_1_142' title='bbox 824 1802 937 1859; x_wconf 83' lang='lat' dir='ltr'><strong>Anton.</strong></span> <span class='ocrx_word' id='word_1_143' title='bbox 952 1796 1016 1869; x_wconf 88' lang='lat' dir='ltr'><strong>XI,</strong></span> <span class='ocrx_word' id='word_1_144' title='bbox 1035 1798 1071 1865; x_wconf 59' lang='grc' dir='ltr'><strong>δὲ</strong></span> <span class='ocrx_word' id='word_1_145' title='bbox 1086 1800 1172 1865; x_wconf 77' lang='lat' dir='ltr'><strong>etin</strong></span> <span class='ocrx_word' id='word_1_146' title='bbox 1185 1818 1242 1864; x_wconf 81' lang='lat' dir='ltr'><strong>eon</strong></span> 
     </span>
     <span class='ocr_line' id='line_1_18' title="bbox 130 1882 1247 1977; baseline 0.001 -31"><span class='ocrx_word' id='word_1_147' title='bbox 130 1884 234 1946; x_wconf 82' lang='lat' dir='ltr'><strong>loeurn</strong></span> <span class='ocrx_word' id='word_1_148' title='bbox 261 1888 412 1946; x_wconf 80' lang='lat' dir='ltr'><strong>Gatolers‘</strong></span> <span class='ocrx_word' id='word_1_149' title='bbox 433 1896 538 1958; x_wconf 80' lang='lat' dir='ltr'><strong>notas,</strong></span> <span class='ocrx_word' id='word_1_150' title='bbox 559 1887 611 1967; x_wconf 90' lang='lat' dir='ltr'><strong>qui</strong></span> <span class='ocrx_word' id='word_1_151' title='bbox 633 1906 675 1945; x_wconf 86' lang='lat' dir='ltr'><strong>ex</strong></span> <span class='ocrx_word' id='word_1_152' title='bbox 701 1886 852 1945; x_wconf 74' lang='lat' dir='ltr'><strong>Clemente</strong></span> <span class='ocrx_word' id='word_1_153' title='bbox 866 1884 954 1941; x_wconf 68' lang='lat' dir='ltr'><strong>Alex.</strong></span> <span class='ocrx_word' id='word_1_154' title='bbox 975 1884 1077 1943; x_wconf 82' lang='lat' dir='ltr'><strong>allato</strong></span> <span class='ocrx_word' id='word_1_155' title='bbox 1094 1882 1171 1947; x_wconf 89' lang='lat' dir='ltr'><strong>loco</strong></span> <span class='ocrx_word' id='word_1_156' title='bbox 1182 1906 1247 1977; x_wconf 72' lang='lat' dir='ltr'><strong>pro·</strong></span> 
     </span>
     <span class='ocr_line' id='line_1_19' title="bbox 131 1966 1243 2051; baseline 0.004 -22"><span class='ocrx_word' id='word_1_157' title='bbox 131 1970 207 2029; x_wconf 87' lang='lat' dir='ltr'><strong>bare</strong></span> <span class='ocrx_word' id='word_1_158' title='bbox 219 1970 350 2039; x_wconf 84' lang='lat' dir='ltr'><strong>nititur,</strong></span> <span class='ocrx_word' id='word_1_159' title='bbox 374 1968 432 2030; x_wconf 91' lang='lat' dir='ltr'><strong>hoe</strong></span> <span class='ocrx_word' id='word_1_160' title='bbox 446 1972 482 2029; x_wconf 89' lang='lat' dir='ltr'><strong>ab</strong></span> <span class='ocrx_word' id='word_1_161' title='bbox 498 1970 743 2045; x_wconf 72' lang='lat' dir='ltr'><strong>iisfactitatum,</strong></span> <span class='ocrx_word' id='word_1_162' title='bbox 766 1986 844 2051; x_wconf 86' lang='lat' dir='ltr'><strong>quos</strong></span> <span class='ocrx_word' id='word_1_163' title='bbox 860 1966 1000 2027; x_wconf 85' lang='lat' dir='ltr'><strong>Ecclesia</strong></span> <span class='ocrx_word' id='word_1_164' title='bbox 1015 1976 1055 2045; x_wconf 81' lang='lat' dir='ltr'><strong>ut</strong></span> <span class='ocrx_word' id='word_1_165' title='bbox 1068 1968 1243 2033; x_wconf 76' lang='lat' dir='ltr'><strong>tenereris</strong></span> 
     </span>
     <span class='ocr_line' id='line_1_20' title="bbox 132 2048 1245 2134; baseline 0.003 -21"><span class='ocrx_word' id='word_1_166' title='bbox 132 2054 309 2133; x_wconf 78' lang='lat' dir='ltr'><strong>respuebat.</strong></span> <span class='ocrx_word' id='word_1_167' title='bbox 331 2054 394 2115; x_wconf 86' lang='lat' dir='ltr'><strong>Sed</strong></span> <span class='ocrx_word' id='word_1_168' title='bbox 410 2062 499 2113; x_wconf 88' lang='lat' dir='ltr'><strong>caute</strong></span> <span class='ocrx_word' id='word_1_169' title='bbox 513 2052 582 2127; x_wconf 88' lang='lat' dir='ltr'><strong>hic,</strong></span> <span class='ocrx_word' id='word_1_170' title='bbox 601 2058 628 2114; x_wconf 86' lang='lat' dir='ltr'><strong>si</strong></span> <span class='ocrx_word' id='word_1_171' title='bbox 644 2074 771 2134; x_wconf 86' lang='lat' dir='ltr'><strong>usquam</strong></span> <span class='ocrx_word' id='word_1_172' title='bbox 786 2050 859 2118; x_wconf 87' lang='lat' dir='ltr'><strong>alibi</strong></span> <span class='ocrx_word' id='word_1_173' title='bbox 868 2096 878 2127; x_wconf 85' lang='lat'><strong>,</strong></span> <span class='ocrx_word' id='word_1_174' title='bbox 897 2048 1111 2130; x_wconf 84' lang='lat' dir='ltr'><strong>judicandum</strong></span> <span class='ocrx_word' id='word_1_175' title='bbox 1129 2054 1245 2119; x_wconf 76' lang='lat' dir='ltr'><strong>c&#39;enseo:</strong></span> 
     </span>
     <span class='ocr_line' id='line_1_21' title="bbox 131 2134 1247 2218; baseline 0 -21"><span class='ocrx_word' id='word_1_176' title='bbox 131 2145 169 2197; x_wconf 86' lang='lat' dir='ltr'><strong>ut</strong></span> <span class='ocrx_word' id='word_1_177' title='bbox 192 2137 275 2197; x_wconf 89' lang='lat' dir='ltr'><strong>enim</strong></span> <span class='ocrx_word' id='word_1_178' title='bbox 295 2138 477 2199; x_wconf 83' lang='lat' dir='ltr'><strong>temeritatis</strong></span> <span class='ocrx_word' id='word_1_179' title='bbox 501 2140 592 2218; x_wconf 91' lang='lat' dir='ltr'><strong>culpa</strong></span> <span class='ocrx_word' id='word_1_180' title='bbox 610 2137 727 2199; x_wconf 81' lang='lat' dir='ltr'><strong>absolvi</strong></span> <span class='ocrx_word' id='word_1_181' title='bbox 748 2154 812 2199; x_wconf 89' lang='lat' dir='ltr'><strong>non</strong></span> <span class='ocrx_word' id='word_1_182' title='bbox 832 2154 921 2216; x_wconf 89' lang='lat' dir='ltr'><strong>posse</strong></span> <span class='ocrx_word' id='word_1_183' title='bbox 942 2134 1108 2211; x_wconf 82' lang='lat' dir='ltr'><strong>a&#39;rbitmr,</strong></span> <span class='ocrx_word' id='word_1_184' title='bbox 1167 2138 1201 2199; x_wconf 86' lang='lat' dir='ltr'><strong>ui</strong></span> <span class='ocrx_word' id='word_1_185' title='bbox 1220 2154 1247 2197; x_wconf 84' lang='lat' dir='ltr'><strong>se</strong></span> 
     </span>
     <span class='ocr_line' id='line_1_22' title="bbox 131 2160 1248 2299; baseline 0.004 -18"><span class='ocrx_word' id='word_1_186' title='bbox 131 2220 236 2298; x_wconf 84' lang='lat' dir='ltr'><strong>ultro,</strong></span> <span class='ocrx_word' id='word_1_187' title='bbox 259 2222 344 2281; x_wconf 87' lang='lat' dir='ltr'><strong>nulla</strong></span> <span class='ocrx_word' id='word_1_188' title='bbox 359 2230 487 2299; x_wconf 81' lang='lat' dir='ltr'><strong>cogente</strong></span> <span class='ocrx_word' id='word_1_189' title='bbox 504 2224 703 2298; x_wconf 82' lang='lat' dir='ltr'><strong>necessitate,</strong></span> <span class='ocrx_word' id='word_1_190' title='bbox 724 2220 816 2282; x_wconf 87' lang='lat' dir='ltr'><strong>morti</strong></span> <span class='ocrx_word' id='word_1_191' title='bbox 837 2216 982 2293; x_wconf 79' lang='lat' dir='ltr'><strong>offeraut3</strong></span> <span class='ocrx_word' id='word_1_192' title='bbox 1003 2219 1067 2297; x_wconf 86' lang='lat' dir='ltr'><strong>ita,</strong></span> <span class='ocrx_word' id='word_1_193' title='bbox 1092 2160 1248 2285; x_wconf 66' lang='lat' dir='ltr'><strong>uslust-</strong></span> 
     </span>
     <span class='ocr_line' id='line_1_23' title="bbox 131 2300 1248 2387; baseline 0.004 -23"><span class='ocrx_word' id='word_1_194' title='bbox 131 2322 201 2367; x_wconf 80' lang='lat' dir='ltr'><strong>cam</strong></span> <span class='ocrx_word' id='word_1_195' title='bbox 244 2302 413 2366; x_wconf 85' lang='lat' dir='ltr'><strong>uorundam</strong></span> <span class='ocrx_word' id='word_1_196' title='bbox 434 2326 496 2367; x_wconf 91' lang='lat' dir='ltr'><strong>non</strong></span> <span class='ocrx_word' id='word_1_197' title='bbox 517 2326 640 2387; x_wconf 86' lang='lat' dir='ltr'><strong>possum</strong></span> <span class='ocrx_word' id='word_1_198' title='bbox 666 2308 740 2387; x_wconf 89' lang='lat' dir='ltr'><strong>quin</strong></span> <span class='ocrx_word' id='word_1_199' title='bbox 758 2302 921 2385; x_wconf 85' lang='lat' dir='ltr'><strong>suspiciam</strong></span> <span class='ocrx_word' id='word_1_200' title='bbox 938 2300 1053 2379; x_wconf 84' lang='lat' dir='ltr'><strong>iidem,</strong></span> <span class='ocrx_word' id='word_1_201' title='bbox 1074 2306 1138 2387; x_wconf 85' lang='lat' dir='ltr'><strong>qui</strong></span> <span class='ocrx_word' id='word_1_202' title='bbox 1151 2312 1188 2369; x_wconf 72' lang='grc' dir='ltr'><strong>ιε’</strong></span> <span class='ocrx_word' id='word_1_203' title='bbox 1200 2324 1248 2387; x_wconf 83' lang='lat' dir='ltr'><strong>pt-</strong></span> 
     </span>
     <span class='ocr_line' id='line_1_24' title="bbox 131 2324 1250 2533; baseline 0.004 -84"><span class='ocrx_word' id='word_1_204' title='bbox 131 2382 196 2449; x_wconf 85' lang='lat' dir='ltr'><strong>lam</strong></span> <span class='ocrx_word' id='word_1_205' title='bbox 214 2324 423 2533; x_wconf 56' lang='lat' dir='ltr'><strong>dgristiauom</strong></span> <span class='ocrx_word' id='word_1_206' title='bbox 445 2388 531 2452; x_wconf 91' lang='lat' dir='ltr'><strong>nullo</strong></span> <span class='ocrx_word' id='word_1_207' title='bbox 545 2398 690 2471; x_wconf 81' lang='lat' dir='ltr'><strong>cogente,</strong></span> <span class='ocrx_word' id='word_1_208' title='bbox 709 2388 843 2472; x_wconf 79' lang='lat' dir='ltr'><strong>professi</strong></span> <span class='ocrx_word' id='word_1_209' title='bbox 855 2386 894 2449; x_wconf 90' lang='lat' dir='ltr'><strong>ad</strong></span> <span class='ocrx_word' id='word_1_210' title='bbox 908 2386 1066 2477; x_wconf 61' lang='lat' dir='ltr'><strong>supplicia</strong></span> <span class='ocrx_word' id='word_1_211' title='bbox 1081 2400 1166 2453; x_wconf 78' lang='lat' dir='ltr'><strong>mox</strong></span> <span class='ocrx_word' id='word_1_212' title='bbox 1177 2384 1250 2473; x_wconf 61' lang='grc' dir='ltr'><strong>πυρὶ</strong></span> 
     </span>
     <span class='ocr_line' id='line_1_25' title="bbox 130 2476 1206 2547; baseline -0.001 -12"><span class='ocrx_word' id='word_1_213' title='bbox 130 2481 216 2535; x_wconf 84' lang='lat' dir='ltr'><strong>sunt.</strong></span> <span class='ocrx_word' id='word_1_214' title='bbox 265 2492 363 2539; x_wconf 77' lang='lat' dir='ltr'><strong>onan.</strong></span> <span class='ocrx_word' id='word_1_215' title='bbox 1109 2478 1114 2485; x_wconf 85' lang='lat'>&#39;</span> <span class='ocrx_word' id='word_1_216' title='bbox 1183 2476 1206 2547; x_wconf 72' lang='grc'><strong>,’</strong></span> 
     </span>
     <span class='ocr_line' id='line_1_26' title="bbox 217 2542 1250 2647; baseline 0 -30"><span class='ocrx_word' id='word_1_217' title='bbox 217 2560 285 2618; x_wconf 80' lang='lat' dir='ltr'><strong>aad.</strong></span> <span class='ocrx_word' id='word_1_218' title='bbox 299 2558 322 2624; x_wconf 92' lang='lat' dir='ltr'><strong>l.</strong></span> <span class='ocrx_word' id='word_1_219' title='bbox 337 2562 368 2623; x_wconf 80' lang='lat'><strong>5.</strong></span> <span class='ocrx_word' id='word_1_220' title='bbox 379 2550 528 2639; x_wconf 73' lang='grc' dir='ltr'><strong>Ἔπειτα)</strong></span> <span class='ocrx_word' id='word_1_221' title='bbox 550 2560 723 2636; x_wconf 86' lang='lat' dir='ltr'><strong>Quemnam</strong></span> <span class='ocrx_word' id='word_1_222' title='bbox 739 2554 876 2617; x_wconf 85' lang='lat' dir='ltr'><strong>voluerit</strong></span> <span class='ocrx_word' id='word_1_223' title='bbox 885 2542 1028 2647; x_wconf 71' lang='lat' dir='ltr'><strong>primum</strong></span> <span class='ocrx_word' id='word_1_224' title='bbox 1046 2548 1250 2625; x_wconf 72' lang='lat' dir='ltr'><strong>etruriam·</strong></span> 
     </span>
     <span class='ocr_line' id='line_1_27' title="bbox 133 2640 1249 2725; baseline 0 -22"><span class='ocrx_word' id='word_1_225' title='bbox 133 2660 204 2703; x_wconf 84' lang='lat' dir='ltr'><strong>rum</strong></span> <span class='ocrx_word' id='word_1_226' title='bbox 220 2642 428 2723; x_wconf 78' lang='lat' dir='ltr'><strong>legislatorem</strong></span> <span class='ocrx_word' id='word_1_227' title='bbox 442 2664 523 2715; x_wconf 85' lang='lat' dir='ltr'><strong>esse,</strong></span> <span class='ocrx_word' id='word_1_228' title='bbox 546 2644 599 2723; x_wconf 91' lang='lat' dir='ltr'><strong>qui</strong></span> <span class='ocrx_word' id='word_1_229' title='bbox 613 2645 709 2703; x_wconf 86' lang='lat' dir='ltr'><strong>verba</strong></span> <span class='ocrx_word' id='word_1_230' title='bbox 721 2640 773 2703; x_wconf 85' lang='lat' dir='ltr'><strong>hic</strong></span> <span class='ocrx_word' id='word_1_231' title='bbox 789 2640 884 2710; x_wconf 82' lang='lat' dir='ltr'><strong>facit,</strong></span> <span class='ocrx_word' id='word_1_232' title='bbox 906 2648 960 2699; x_wconf 86' lang='lat' dir='ltr'><strong>ant</strong></span> <span class='ocrx_word' id='word_1_233' title='bbox 974 2640 1035 2719; x_wconf 89' lang='lat' dir='ltr'><strong>sub</strong></span> <span class='ocrx_word' id='word_1_234' title='bbox 1051 2642 1128 2723; x_wconf 85' lang='lat' dir='ltr'><strong>ejus</strong></span> <span class='ocrx_word' id='word_1_235' title='bbox 1143 2646 1249 2725; x_wconf 79' lang='lat' dir='ltr'><strong>perso·</strong></span> 
     </span>
     <span class='ocr_line' id='line_1_28' title="bbox 80 2720 1250 2809; baseline -0.003 -23"><span class='ocrx_word' id='word_1_236' title='bbox 80 2738 83 2743; x_wconf 88' lang='lat'>&#39;</span> <span class='ocrx_word' id='word_1_237' title='bbox 128 2720 174 2786; x_wconf 73' lang='lat' dir='ltr'><strong>&#39;na</strong></span> <span class='ocrx_word' id='word_1_238' title='bbox 193 2724 367 2800; x_wconf 73' lang='lat' dir='ltr'><strong>Lucienus,</strong></span> <span class='ocrx_word' id='word_1_239' title='bbox 386 2726 468 2787; x_wconf 88' lang='lat' dir='ltr'><strong>haud</strong></span> <span class='ocrx_word' id='word_1_240' title='bbox 491 2729 621 2788; x_wconf 87' lang='lat' dir='ltr'><strong>multum</strong></span> <span class='ocrx_word' id='word_1_241' title='bbox 641 2746 714 2786; x_wconf 86' lang='lat' dir='ltr'><strong>sane</strong></span> <span class='ocrx_word' id='word_1_242' title='bbox 737 2736 840 2787; x_wconf 84' lang='lat' dir='ltr'><strong>nostra</strong></span> <span class='ocrx_word' id='word_1_243' title='bbox 859 2724 1006 2799; x_wconf 84' lang='lat' dir='ltr'><strong>interest3</strong></span> <span class='ocrx_word' id='word_1_244' title='bbox 1018 2728 1108 2787; x_wconf 74' lang='lat' dir='ltr'><strong>&#39;mm</strong></span> <span class='ocrx_word' id='word_1_245' title='bbox 1131 2726 1250 2809; x_wconf 84' lang='lat' dir='ltr'><strong>utrique</strong></span> 
     </span>
     <span class='ocr_line' id='line_1_29' title="bbox 130 2808 1249 2891; baseline 0 -23"><span class='ocrx_word' id='word_1_246' title='bbox 130 2810 243 2891; x_wconf 82' lang='lat' dir='ltr'><strong>parom</strong></span> <span class='ocrx_word' id='word_1_247' title='bbox 260 2821 332 2869; x_wconf 82' lang='lat' dir='ltr'><strong>note</strong></span> <span class='ocrx_word' id='word_1_248' title='bbox 347 2812 445 2887; x_wconf 75' lang='lat' dir='ltr'><strong>luerit</strong></span> <span class='ocrx_word' id='word_1_249' title='bbox 460 2811 707 2873; x_wconf 88' lang='lat' dir='ltr'><strong>Christianorum</strong></span> <span class='ocrx_word' id='word_1_250' title='bbox 723 2808 894 2891; x_wconf 85' lang='lat' dir='ltr'><strong>disciplina.</strong></span> <span class='ocrx_word' id='word_1_251' title='bbox 925 2808 999 2867; x_wconf 81' lang='lat' dir='ltr'><strong>Sive</strong></span> <span class='ocrx_word' id='word_1_252' title='bbox 1019 2808 1111 2871; x_wconf 82' lang='lat' dir='ltr'><strong>enirn</strong></span> <span class='ocrx_word' id='word_1_253' title='bbox 1135 2814 1249 2871; x_wconf 77' lang='lat' dir='ltr'><strong>Mosen</strong></span> 
     </span>
     <span class='ocr_line' id='line_1_30' title="bbox 134 2892 1249 2977; baseline 0.002 -24"><span class='ocrx_word' id='word_1_254' title='bbox 134 2896 201 2954; x_wconf 87' lang='lat' dir='ltr'><strong>sive</strong></span> <span class='ocrx_word' id='word_1_255' title='bbox 218 2894 375 2953; x_wconf 81' lang='lat' dir='ltr'><strong>Christum</strong></span> <span class='ocrx_word' id='word_1_256' title='bbox 388 2896 518 2955; x_wconf 84' lang='lat' dir='ltr'><strong>innuere</strong></span> <span class='ocrx_word' id='word_1_257' title='bbox 532 2898 684 2969; x_wconf 84' lang='lat' dir='ltr'><strong>voluerit,</strong></span> <span class='ocrx_word' id='word_1_258' title='bbox 701 2916 778 2977; x_wconf 89' lang='lat' dir='ltr'><strong>quos</strong></span> <span class='ocrx_word' id='word_1_259' title='bbox 790 2894 871 2954; x_wconf 88' lang='lat' dir='ltr'><strong>solos</strong></span> <span class='ocrx_word' id='word_1_260' title='bbox 885 2892 1081 2969; x_wconf 80' lang='lat' dir='ltr'><strong>legislatores</strong></span> <span class='ocrx_word' id='word_1_261' title='bbox 1098 2912 1249 2976; x_wconf 78' lang='lat' dir='ltr'><strong>agnovere</strong></span> 
     </span>
     <span class='ocr_line' id='line_1_31' title="bbox 132 2972 1249 3061; baseline 0.001 -25"><span class='ocrx_word' id='word_1_262' title='bbox 132 2996 268 3058; x_wconf 87' lang='lat' dir='ltr'><strong>unquam</strong></span> <span class='ocrx_word' id='word_1_263' title='bbox 292 2974 476 3055; x_wconf 76' lang='lat' dir='ltr'><strong>Christiani,</strong></span> <span class='ocrx_word' id='word_1_264' title='bbox 499 2989 552 3039; x_wconf 90' lang='lat' dir='ltr'><strong>aut</strong></span> <span class='ocrx_word' id='word_1_265' title='bbox 575 2981 754 3061; x_wconf 87' lang='lat' dir='ltr'><strong>imperitum</strong></span> <span class='ocrx_word' id='word_1_266' title='bbox 775 2996 808 3038; x_wconf 81' lang='lat' dir='ltr'><strong>se</strong></span> <span class='ocrx_word' id='word_1_267' title='bbox 823 2976 1015 3057; x_wconf 84' lang='lat' dir='ltr'><strong>prodiderit,</strong></span> <span class='ocrx_word' id='word_1_268' title='bbox 1037 2986 1097 3037; x_wconf 87' lang='lat' dir='ltr'><strong>aut</strong></span> <span class='ocrx_word' id='word_1_269' title='bbox 1112 2979 1179 3041; x_wconf 86' lang='lat' dir='ltr'><strong>sibi</strong></span> <span class='ocrx_word' id='word_1_270' title='bbox 1194 2972 1249 3039; x_wconf 80' lang='lat' dir='ltr'><strong>nob</strong></span> 
     </span>
     <span class='ocr_line' id='line_1_32' title="bbox 135 3059 1249 3143; baseline -0.002 -22"><span class='ocrx_word' id='word_1_271' title='bbox 135 3064 209 3122; x_wconf 83' lang='lat' dir='ltr'><strong>satis</strong></span> <span class='ocrx_word' id='word_1_272' title='bbox 231 3065 393 3129; x_wconf 80' lang='lat' dir='ltr'><strong>constabit.</strong></span> <span class='ocrx_word' id='word_1_273' title='bbox 428 3066 531 3124; x_wconf 82' lang='lat' dir='ltr'><strong>Moses</strong></span> <span class='ocrx_word' id='word_1_274' title='bbox 553 3064 635 3125; x_wconf 90' lang='lat' dir='ltr'><strong>enim</strong></span> <span class='ocrx_word' id='word_1_275' title='bbox 653 3086 713 3143; x_wconf 84' lang='lat' dir='ltr'><strong>pro</strong></span> <span class='ocrx_word' id='word_1_276' title='bbox 727 3062 891 3143; x_wconf 73' lang='lat' dir='ltr'><strong>frutribus</strong></span> <span class='ocrx_word' id='word_1_277' title='bbox 908 3060 1074 3119; x_wconf 79' lang='lat' dir='ltr'><strong>habendos</strong></span> <span class='ocrx_word' id='word_1_278' title='bbox 1095 3082 1157 3123; x_wconf 79' lang='lat' dir='ltr'><strong>eos</strong></span> <span class='ocrx_word' id='word_1_279' title='bbox 1176 3059 1249 3125; x_wconf 81' lang='lat' dir='ltr'><strong>solos</strong></span> 
     </span>
     <span class='ocr_line' id='line_1_33' title="bbox 135 3140 1249 3227; baseline 0 -21"><span class='ocrx_word' id='word_1_280' title='bbox 135 3146 282 3221; x_wconf 82' lang='lat' dir='ltr'><strong>sancivit,</strong></span> <span class='ocrx_word' id='word_1_281' title='bbox 302 3147 416 3227; x_wconf 81' lang='lat' dir='ltr'><strong>quiex</strong></span> <span class='ocrx_word' id='word_1_282' title='bbox 436 3146 545 3209; x_wconf 86' lang='lat' dir='ltr'><strong>eodem</strong></span> <span class='ocrx_word' id='word_1_283' title='bbox 568 3168 681 3227; x_wconf 86' lang='lat' dir='ltr'><strong>genere</strong></span> <span class='ocrx_word' id='word_1_284' title='bbox 704 3146 849 3220; x_wconf 84' lang='lat' dir='ltr'><strong>oriundi,</strong></span> <span class='ocrx_word' id='word_1_285' title='bbox 868 3150 1018 3225; x_wconf 53' lang='lat' dir='ltr'><strong>autpper</strong></span> <span class='ocrx_word' id='word_1_286' title='bbox 1032 3140 1249 3209; x_wconf 79' lang='lat' dir='ltr'><strong>circumcisio·</strong></span> 
     </span>
     <span class='ocr_line' id='line_1_34' title="bbox 129 3228 1249 3315; baseline 0 -26"><span class='ocrx_word' id='word_1_287' title='bbox 129 3234 205 3289; x_wconf 87' lang='lat' dir='ltr'><strong>&#39;nem</strong></span> <span class='ocrx_word' id='word_1_288' title='bbox 230 3232 367 3311; x_wconf 91' lang='lat' dir='ltr'><strong>aliosque</strong></span> <span class='ocrx_word' id='word_1_289' title='bbox 390 3230 572 3293; x_wconf 85' lang='lat' dir='ltr'><strong>Christianis</strong></span> <span class='ocrx_word' id='word_1_290' title='bbox 590 3234 651 3315; x_wconf 89' lang='lat' dir='ltr'><strong>jam</strong></span> <span class='ocrx_word' id='word_1_291' title='bbox 672 3232 832 3309; x_wconf 84' lang='lat' dir='ltr'><strong>abrogatos</strong></span> <span class='ocrx_word' id='word_1_292' title='bbox 861 3230 954 3301; x_wconf 78' lang='lat' dir='ltr'><strong>ritus,</strong></span> <span class='ocrx_word' id='word_1_293' title='bbox 982 3228 1116 3291; x_wconf 86' lang='lat' dir='ltr'><strong>insititii</strong></span> <span class='ocrx_word' id='word_1_294' title='bbox 1136 3236 1249 3299; x_wconf 63' lang='lat' dir='ltr'><strong>essent}</strong></span> 
     </span>
     <span class='ocr_line' id='line_1_35' title="bbox 136 3310 1249 3399; baseline 0.002 -26"><span class='ocrx_word' id='word_1_295' title='bbox 136 3312 279 3397; x_wconf 78' lang='lat' dir='ltr'><strong>cbristus</strong></span> <span class='ocrx_word' id='word_1_296' title='bbox 297 3324 397 3375; x_wconf 87' lang='lat' dir='ltr'><strong>autern</strong></span> <span class='ocrx_word' id='word_1_297' title='bbox 415 3314 506 3399; x_wconf 86' lang='lat' dir='ltr'><strong>hujus</strong></span> <span class='ocrx_word' id='word_1_298' title='bbox 519 3315 665 3397; x_wconf 86' lang='lat' dir='ltr'><strong>dogmatis</strong></span> <span class='ocrx_word' id='word_1_299' title='bbox 679 3336 771 3377; x_wconf 85' lang='lat' dir='ltr'><strong>verus</strong></span> <span class='ocrx_word' id='word_1_300' title='bbox 784 3321 909 3383; x_wconf 86' lang='lat' dir='ltr'><strong>auctor,</strong></span> <span class='ocrx_word' id='word_1_301' title='bbox 932 3310 1016 3373; x_wconf 85' lang='lat' dir='ltr'><strong>idem</strong></span> <span class='ocrx_word' id='word_1_302' title='bbox 1036 3312 1098 3373; x_wconf 85' lang='lat' dir='ltr'><strong>ille</strong></span> <span class='ocrx_word' id='word_1_303' title='bbox 1111 3324 1185 3391; x_wconf 83' lang='lat' dir='ltr'><strong>eat,</strong></span> <span class='ocrx_word' id='word_1_304' title='bbox 1202 3310 1249 3395; x_wconf 85' lang='lat' dir='ltr'><strong>qul</strong></span> 
     </span>
     <span class='ocr_line' id='line_1_36' title="bbox 135 3395 1249 3483; baseline 0.002 -26"><span class='ocrx_word' id='word_1_305' title='bbox 135 3398 311 3458; x_wconf 82' lang='lat' dir='ltr'><strong>adorandus</strong></span> <span class='ocrx_word' id='word_1_306' title='bbox 342 3398 530 3460; x_wconf 85' lang='lat' dir='ltr'><strong>Christianis</strong></span> <span class='ocrx_word' id='word_1_307' title='bbox 559 3402 759 3483; x_wconf 85' lang='lat' dir='ltr'><strong>proponitur;</strong></span> <span class='ocrx_word' id='word_1_308' title='bbox 787 3418 857 3457; x_wconf 88' lang='lat' dir='ltr'><strong>cum</strong></span> <span class='ocrx_word' id='word_1_309' title='bbox 885 3395 940 3457; x_wconf 83' lang='lat' dir='ltr'><strong>ille</strong></span> <span class='ocrx_word' id='word_1_310' title='bbox 970 3396 1118 3459; x_wconf 71' lang='lat' dir='ltr'><strong>diversos</strong></span> <span class='ocrx_word' id='word_1_311' title='bbox 1147 3398 1249 3461; x_wconf 69' lang='lat' dir='ltr'><strong>trent</strong></span> 
     </span>
     <span class='ocr_line' id='line_1_37' title="bbox 134 3480 1250 3563; baseline 0.001 -23"><span class='ocrx_word' id='word_1_312' title='bbox 134 3480 229 3541; x_wconf 88' lang='lat' dir='ltr'><strong>Uude</strong></span> <span class='ocrx_word' id='word_1_313' title='bbox 247 3490 280 3543; x_wconf 89' lang='lat' dir='ltr'><strong>et</strong></span> <span class='ocrx_word' id='word_1_314' title='bbox 299 3482 456 3543; x_wconf 90' lang='lat' dir='ltr'><strong>nonnullis</strong></span> <span class='ocrx_word' id='word_1_315' title='bbox 475 3486 606 3545; x_wconf 88' lang='lat' dir='ltr'><strong>Paulum</strong></span> <span class='ocrx_word' id='word_1_316' title='bbox 627 3484 786 3563; x_wconf 87' lang='lat' dir='ltr'><strong>designare</strong></span> <span class='ocrx_word' id='word_1_317' title='bbox 801 3480 887 3543; x_wconf 85' lang='lat' dir='ltr'><strong>visus</strong></span> <span class='ocrx_word' id='word_1_318' title='bbox 903 3490 959 3547; x_wconf 87' lang='lat' dir='ltr'><strong>est.</strong></span> <span class='ocrx_word' id='word_1_319' title='bbox 988 3480 1054 3541; x_wconf 84' lang='lat' dir='ltr'><strong>Sed</strong></span> <span class='ocrx_word' id='word_1_320' title='bbox 1067 3482 1196 3545; x_wconf 72' lang='lat' dir='ltr'><strong>frosm</strong></span> <span class='ocrx_word' id='word_1_321' title='bbox 1207 3482 1250 3541; x_wconf 88' lang='lat' dir='ltr'><strong>ls-</strong></span> 
     </span>
     <span class='ocr_line' id='line_1_38' title="bbox 135 3563 1250 3648; baseline 0.002 -23"><span class='ocrx_word' id='word_1_322' title='bbox 135 3564 263 3640; x_wconf 88' lang='lat' dir='ltr'><strong>borant,</strong></span> <span class='ocrx_word' id='word_1_323' title='bbox 283 3566 352 3648; x_wconf 88' lang='lat' dir='ltr'><strong>qui,</strong></span> <span class='ocrx_word' id='word_1_324' title='bbox 371 3568 453 3648; x_wconf 85' lang='lat' dir='ltr'><strong>quod</strong></span> <span class='ocrx_word' id='word_1_325' title='bbox 469 3571 616 3645; x_wconf 84' lang='lat' dir='ltr'><strong>nescivit,</strong></span> <span class='ocrx_word' id='word_1_326' title='bbox 638 3570 690 3648; x_wconf 89' lang='lat' dir='ltr'><strong>qui</strong></span> <span class='ocrx_word' id='word_1_327' title='bbox 707 3568 843 3640; x_wconf 88' lang='lat' dir='ltr'><strong>dicebat,</strong></span> <span class='ocrx_word' id='word_1_328' title='bbox 864 3566 968 3627; x_wconf 81' lang='lat' dir='ltr'><strong>iacere</strong></span> <span class='ocrx_word' id='word_1_329' title='bbox 984 3563 1109 3627; x_wconf 83' lang='lat' dir='ltr'><strong>&#39;volunt</strong></span> <span class='ocrx_word' id='word_1_330' title='bbox 1131 3574 1172 3629; x_wconf 85' lang='lat' dir='ltr'><strong>ut</strong></span> <span class='ocrx_word' id='word_1_331' title='bbox 1192 3564 1250 3627; x_wconf 84' lang='lat' dir='ltr'><strong>sci·</strong></span> 
     </span>
     <span class='ocr_line' id='line_1_39' title="bbox 138 3646 1251 3733; baseline 0.003 -25"><span class='ocrx_word' id='word_1_332' title='bbox 138 3651 229 3711; x_wconf 83' lang='lat' dir='ltr'><strong>verit.</strong></span> <span class='ocrx_word' id='word_1_333' title='bbox 258 3650 320 3710; x_wconf 87' lang='lat' dir='ltr'><strong>Sed</strong></span> <span class='ocrx_word' id='word_1_334' title='bbox 342 3672 512 3733; x_wconf 84' lang='lat' dir='ltr'><strong>pergamus.</strong></span> <span class='ocrx_word' id='word_1_335' title='bbox 545 3652 793 3713; x_wconf 84' lang='lat' dir='ltr'><strong>Christianorum</strong></span> <span class='ocrx_word' id='word_1_336' title='bbox 814 3670 880 3710; x_wconf 88' lang='lat' dir='ltr'><strong>eam</strong></span> <span class='ocrx_word' id='word_1_337' title='bbox 903 3648 1000 3709; x_wconf 86' lang='lat' dir='ltr'><strong>fuisse</strong></span> <span class='ocrx_word' id='word_1_338' title='bbox 1012 3646 1096 3709; x_wconf 88' lang='lat' dir='ltr'><strong>dicit</strong></span> <span class='ocrx_word' id='word_1_339' title='bbox 1111 3648 1251 3733; x_wconf 82' lang='lat' dir='ltr'><strong>discipli·</strong></span> 
     </span>
     <span class='ocr_line' id='line_1_40' title="bbox 138 3732 1251 3816; baseline 0.006 -27"><span class='ocrx_word' id='word_1_340' title='bbox 138 3751 225 3807; x_wconf 83' lang='lat' dir='ltr'><strong>narn,</strong></span> <span class='ocrx_word' id='word_1_341' title='bbox 246 3744 280 3791; x_wconf 90' lang='lat' dir='ltr'><strong>ut</strong></span> <span class='ocrx_word' id='word_1_342' title='bbox 302 3756 335 3793; x_wconf 86' lang='lat' dir='ltr'><strong>se</strong></span> <span class='ocrx_word' id='word_1_343' title='bbox 360 3758 416 3816; x_wconf 90' lang='lat' dir='ltr'><strong>pro</strong></span> <span class='ocrx_word' id='word_1_344' title='bbox 436 3737 585 3799; x_wconf 82' lang='lat' dir='ltr'><strong>fratribus</strong></span> <span class='ocrx_word' id='word_1_345' title='bbox 606 3746 713 3797; x_wconf 89' lang='lat' dir='ltr'><strong>mutuo</strong></span> <span class='ocrx_word' id='word_1_346' title='bbox 737 3735 903 3813; x_wconf 81' lang='lat' dir='ltr'><strong>haberent,</strong></span> <span class='ocrx_word' id='word_1_347' title='bbox 935 3732 1031 3813; x_wconf 84' lang='lat' dir='ltr'><strong>id&#39;que</strong></span> <span class='ocrx_word' id='word_1_348' title='bbox 1062 3732 1251 3815; x_wconf 69' lang='lat' dir='ltr'><strong>legislatoris</strong></span> 
     </span>
     <span class='ocr_line' id='line_1_41' title="bbox 135 3814 1252 3899; baseline -0.004 -14"><span class='ocrx_word' id='word_1_349' title='bbox 135 3817 202 3884; x_wconf 65' lang='grc' dir='ltr'><strong>ὅθί,</strong></span> <span class='ocrx_word' id='word_1_350' title='bbox 226 3816 362 3896; x_wconf 78' lang='lat' dir='ltr'><strong>quisquis</strong></span> <span class='ocrx_word' id='word_1_351' title='bbox 377 3820 499 3883; x_wconf 89' lang='lat' dir='ltr'><strong>demum</strong></span> <span class='ocrx_word' id='word_1_352' title='bbox 514 3823 567 3882; x_wconf 86' lang='lat' dir='ltr'><strong>ille</strong></span> <span class='ocrx_word' id='word_1_353' title='bbox 582 3820 698 3892; x_wconf 88' lang='lat' dir='ltr'><strong>suerit,</strong></span> <span class='ocrx_word' id='word_1_354' title='bbox 720 3818 878 3879; x_wconf 87' lang='lat' dir='ltr'><strong>charitatis</strong></span> <span class='ocrx_word' id='word_1_355' title='bbox 891 3825 1024 3883; x_wconf 85' lang='lat' dir='ltr'><strong>mutuae¹</strong></span> <span class='ocrx_word' id='word_1_356' title='bbox 1030 3814 1155 3897; x_wconf 84' lang='lat' dir='ltr'><strong>jactum</strong></span> <span class='ocrx_word' id='word_1_357' title='bbox 1178 3818 1252 3899; x_wconf 57' lang='lat' dir='ltr'><strong>lanf</strong></span> 
     </span>
     <span class='ocr_line' id='line_1_42' title="bbox 136 3896 1252 3985; baseline 0.002 -26"><span class='ocrx_word' id='word_1_358' title='bbox 136 3899 324 3964; x_wconf 87' lang='lat' dir='ltr'><strong>darnentum.</strong></span> <span class='ocrx_word' id='word_1_359' title='bbox 354 3902 423 3964; x_wconf 87' lang='lat' dir='ltr'><strong>Hoc</strong></span> <span class='ocrx_word' id='word_1_360' title='bbox 444 3907 496 3985; x_wconf 89' lang='lat' dir='ltr'><strong>qui</strong></span> <span class='ocrx_word' id='word_1_361' title='bbox 519 3906 580 3975; x_wconf 77' lang='lat' dir='ltr'><strong>ait,</strong></span> <span class='ocrx_word' id='word_1_362' title='bbox 603 3904 697 3965; x_wconf 85' lang='lat' dir='ltr'><strong>faudo</strong></span> <span class='ocrx_word' id='word_1_363' title='bbox 719 3902 909 3967; x_wconf 76' lang='lat' dir='ltr'><strong>inaudierata</strong></span> <span class='ocrx_word' id='word_1_364' title='bbox 932 3910 967 3960; x_wconf 87' lang='lat' dir='ltr'><strong>ut</strong></span> <span class='ocrx_word' id='word_1_365' title='bbox 982 3896 1177 3983; x_wconf 68' lang='lat' dir='ltr'><strong>lors&#39;talit,</strong></span> <span class='ocrx_word' id='word_1_366' title='bbox 1196 3922 1252 3982; x_wconf 67' lang='lat' dir='ltr'><strong>ae·</strong></span> 
     </span>
     <span class='ocr_line' id='line_1_43' title="bbox 58 3983 1240 4068; baseline 0.002 -23"><span class='ocrx_word' id='word_1_367' title='bbox 58 4040 64 4051; x_wconf 86' lang='grc'><em>,</em></span> <span class='ocrx_word' id='word_1_368' title='bbox 135 3984 267 4045; x_wconf 74' lang='lat' dir='ltr'><strong>tissime.</strong></span> <span class='ocrx_word' id='word_1_369' title='bbox 286 3983 371 4060; x_wconf 89' lang='lat' dir='ltr'><strong>Quid</strong></span> <span class='ocrx_word' id='word_1_370' title='bbox 387 3989 520 4067; x_wconf 81' lang='lat' dir='ltr'><strong>dixerit,</strong></span> <span class='ocrx_word' id='word_1_371' title='bbox 539 3988 641 4048; x_wconf 85' lang='lat' dir='ltr'><strong>rides:</strong></span> <span class='ocrx_word' id='word_1_372' title='bbox 663 3988 738 4068; x_wconf 89' lang='lat' dir='ltr'><strong>quid</strong></span> <span class='ocrx_word' id='word_1_373' title='bbox 751 3988 819 4047; x_wconf 83' lang='lat' dir='ltr'><strong>veri</strong></span> <span class='ocrx_word' id='word_1_374' title='bbox 839 3984 954 4061; x_wconf 84' lang='lat' dir='ltr'><strong>subsit,</strong></span> <span class='ocrx_word' id='word_1_375' title='bbox 973 3984 1110 4057; x_wconf 71' lang='lat' dir='ltr'><strong>minime</strong></span> <span class='ocrx_word' id='word_1_376' title='bbox 1120 4004 1240 4049; x_wconf 81' lang='lat' dir='ltr'><strong>moneta</strong></span> 
     </span>
     <span class='ocr_line' id='line_1_44' title="bbox 135 4068 1170 4150; baseline 0.001 -22"><span class='ocrx_word' id='word_1_377' title='bbox 135 4068 211 4143; x_wconf 82' lang='lat' dir='ltr'><strong>dus,</strong></span> <span class='ocrx_word' id='word_1_378' title='bbox 231 4068 366 4148; x_wconf 82' lang='lat' dir='ltr'><strong>quisquis</strong></span> <span class='ocrx_word' id='word_1_379' title='bbox 382 4070 573 4134; x_wconf 87' lang='lat' dir='ltr'><strong>Christianus</strong></span> <span class='ocrx_word' id='word_1_380' title='bbox 592 4071 667 4131; x_wconf 89' lang='lat' dir='ltr'><strong>haee</strong></span> <span class='ocrx_word' id='word_1_381' title='bbox 682 4072 767 4150; x_wconf 80' lang='lat' dir='ltr'><strong>legis.</strong></span> <span class='ocrx_word' id='word_1_382' title='bbox 789 4070 918 4131; x_wconf 69' lang='lat' dir='ltr'><strong>Sonus..</strong></span> <span class='ocrx_word' id='word_1_383' title='bbox 937 4118 951 4137; x_wconf 74' lang='grc'><strong>,.</strong></span> <span class='ocrx_word' id='word_1_384' title='bbox 1166 4076 1170 4085; x_wconf 92' lang='grc'><strong>’</strong></span> 
     </span>
     <span class='ocr_line' id='line_1_45' title="bbox 219 4146 1239 4239; baseline 0.005 -28"><span class='ocrx_word' id='word_1_385' title='bbox 219 4153 297 4212; x_wconf 78' lang='lat' dir='ltr'><strong>ibid.</strong></span> <span class='ocrx_word' id='word_1_386' title='bbox 318 4146 358 4219; x_wconf 71' lang='lat' dir='ltr'><strong>&#39;O</strong></span> <span class='ocrx_word' id='word_1_387' title='bbox 374 4156 548 4239; x_wconf 61' lang='grc' dir='ltr'><em>νομοθέτης</em></span> <span class='ocrx_word' id='word_1_388' title='bbox 568 4150 589 4221; x_wconf 76' lang='grc' dir='ltr'><em>ὅ</em></span> <span class='ocrx_word' id='word_1_389' title='bbox 607 4152 755 4239; x_wconf 69' lang='grc' dir='ltr'><em>πρῶτος)</em></span> <span class='ocrx_word' id='word_1_390' title='bbox 776 4150 931 4232; x_wconf 73' lang='lat' dir='ltr'><strong>Quls&#39;lllo</strong></span> <span class='ocrx_word' id='word_1_391' title='bbox 949 4150 1074 4235; x_wconf 66' lang='lat' dir='ltr'><strong>primu!</strong></span> <span class='ocrx_word' id='word_1_392' title='bbox 1090 4148 1204 4237; x_wconf 67' lang='lat' dir='ltr'><strong>leglsh</strong></span> <span class='ocrx_word' id='word_1_393' title='bbox 1225 4185 1239 4206; x_wconf 65' lang='lat' dir='ltr'><strong>o</strong></span> 
     </span>
    </p>
   </div>
   <div class='ocr_carea' id='block_1_5' title="bbox 0 0 1260 4672">
    <p class='ocr_par' dir='ltr' id='par_1_5' title="bbox 0 0 1260 4672">
     <span class='ocr_line' id='line_1_46' title="bbox 0 0 1260 4672; baseline 0 0"><span class='ocrx_word' id='word_1_394' title='bbox 0 0 1260 4672; x_wconf 95' lang='lat' dir='ltr'><strong> </strong></span> 
     </span>
    </p>
   </div>
  </div>
 </body>
</html>
